3234 5072
286 399 326 468 28
644 413 825 469 PLACJTA
851 413 1018 470 conotus

287 578 333 641 Et
349 577 512 641 Henricus
534 578 678 643 serviens
698 578 762 643 hoc
780 581 950 663 cognoscit
972 580 1063 662 quod
1084 579 1163 644 iecit
1181 579 1209 643 ei
1230 579 1384 645 seisinam

285 698 320 752 et
335 688 451 754 habuit
467 710 569 753 unum
584 691 703 755 bovem
720 705 740 774 5
755 690 934 755 solidorum
951 693 993 756 ad
1011 713 1093 775 opus
1110 691 1301 774 Engelardi.

330 800 376 863 Et
395 799 548 865 Clemens
566 802 609 866 de
629 802 796 868 Burtone¹
817 804 1003 886 appellatus
1026 805 1069 868 de
1091 805 1122 868 vi
1146 824 1211 868 non
1234 803 1325 868 venit
1350 813 1385 866 et

286 911 486 977 attachiatus
520 912 580 977 fuit
610 935 670 997 per
700 915 869 997 Rogerum
904 916 1058 980 clericum
1091 917 1134 980 de
1170 916 1317 979 Burtone
1352 925 1385 977 et

288 1024 459 1108 Rogerum
477 1026 520 1089 de
536 1024 743 1091 Bechesoure
766 1036 799 1091 et
818 1026 966 1092 Thomas
989 1027 1075 1093 filius
1099 1027 1224 1092 Edithe
1245 1026 1385 1090 attachi-

285 1145 359 1202 atus
375 1137 437 1201 suit
457 1157 516 1221 per
531 1137 719 1202 Arualdum
735 1139 866 1204 Franke
886 1150 920 1204 et
942 1139 1138 1222 Gregorium
1158 1140 1200 1205 de
1217 1138 1384 1202 Burtone:

285 1249 386 1331 plegii
408 1248 568 1313 Willelmi
590 1248 648 1313 filii
670 1250 812 1316 Arnaldi
835 1251 981 1334 appelati
1005 1252 1047 1314 de
1071 1252 1200 1326 eodem,
1219 1249 1387 1313 Walterus

284 1361 328 1424 de
344 1360 500 1427 Mortone
514 1371 549 1426 et
564 1361 733 1426 Amaldus
744 1372 840 1445 pater
854 1384 939 1438 suus,
957 1374 990 1428 et
1008 1364 1082 1427 ideo
1097 1363 1130 1426 in
1148 1361 1385 1426 misericordia.

334 1481 392 1535 101
402 1473 425 1535 ².
450 1472 592 1537 Cristina
607 1495 693 1538 uxor
708 1474 858 1538 Gaufridi
874 1475 917 1538 de
936 1475 1079 1540 Suttone
1099 1473 1281 1557 appellavit
1297 1471 1387 1537 Gau·

286 1583 407 1649 fridum
438 1585 555 1649 Basset
583 1595 617 1649 et
642 1584 832 1666 Johannem
852 1587 969 1651 Basset
992 1597 1027 1651 et
1048 1586 1234 1649 Walterum
1255 1585 1382 1658 Basset,

286 1694 468 1759 Radulsum
484 1696 601 1760 Basset
609 1697 632 1769 ³,
651 1697 832 1761 Henricum
849 1697 966 1761 Basset
985 1707 1018 1761 et
1038 1697 1222 1761 Robertum
1240 1691 1386 1760 Basset⁴

287 1809 330 1871 de
346 1816 451 1870 morte
466 1805 614 1872 Gausridi
630 1809 688 1870 viri
704 1809 752 1870 sui
766 1833 773 1886 ;
797 1819 832 1871 et
848 1808 1014 1871 Robertus
1035 1808 1146 1885 venit3
1170 1816 1204 1870 et
1222 1806 1387 1870 Radulfus

289 1928 437 1982 mortuus
461 1928 520 1995 est,
538 1929 571 1982 et
593 1919 647 1982 alii
671 1939 736 1982 non
758 1928 926 1982 venerunt.
973 1918 1019 1982 Et
1047 1919 1213 1982 Robertus
1237 1919 1327 1981 venit
1353 1927 1387 1980 et

289 2030 438 2095 defendit
458 2040 566 2095 totum
588 2041 621 2094 et
645 2032 739 2113 ponit
760 2051 795 2094 se
816 2049 915 2112 super
925 2029 1090 2111 juratam⁶
1111 2030 1154 2093 de
1176 2029 1264 2092 bono
1287 2037 1321 2091 et
1345 2029 1387 2091 de

290 2142 398 2221 malo;
426 2150 460 2207 et
486 2140 653 2207 Christina
679 2161 744 2205 non
770 2143 861 2206 venit
891 2151 925 2205 et
955 2141 1103 2205 affidavit
1130 2141 1223 2222 sequi
1253 2148 1289 2203 et
1311 2141 1387 2203 ideo

289 2254 446 2338 capiatur,
1014 2265 1016 2268 ’

334 2368 381 2431 Et
397 2366 573 2432 Gausridus
590 2369 706 2433 Basset
727 2379 761 2434 et
781 2368 897 2435 fratres
917 2370 966 2433 sui
986 2366 1158 2434 attachiati
1181 2367 1313 2431 fuerunt
1331 2385 1390 2449 per

291 2478 477 2544 Walterum
493 2480 596 2562 Pepin
612 2490 646 2545 et
661 2480 855 2546 Gervasium
871 2483 914 2546 de
931 2481 1090 2546 Sturtone
1112 2490 1145 2544 et
1164 2499 1278 2544 eorum
1294 2477 1388 2542 theo·

292 2590 444 2674 thingas;
468 2601 502 2656 et
517 2593 592 2656 ideo
608 2593 641 2656 in
658 2593 888 2657 misericordia.

338 2705 384 2769 Et
389 2704 551 2787 juratores
564 2715 597 2769 et
608 2706 723 2771 villata
732 2708 775 2770 de
787 2705 950 2772 Suttone⁶
963 2715 997 2771 et
1009 2716 1220 2771 coronatores
1229 2715 1263 2769 et
1275 2724 1391 2768 omnes

292 2817 347 2880 alii
369 2817 411 2880 de
429 2817 611 2881 comitatu⁶
627 2818 741 2881 dicunt
759 2819 885 2900 precise
909 2818 1000 2900 quod
1023 2818 1095 2900 ipsa
1111 2817 1255 2880 Cristina
1278 2824 1392 2880 secuta

293 2928 355 2992 fuit
370 2930 413 2991 ad
429 2929 512 2991 duos
528 2929 704 2993 comitatus
715 2938 791 3010 post
807 2940 948 2993 mortem
963 2929 1023 2991 viri
1039 2929 1089 2990 sui
1105 2938 1139 2992 et
1155 2927 1240 2990 infra
1252 2928 1391 2991 tercium

292 3040 489 3103 comitatum
504 3039 650 3102 secarunt
665 3041 750 3103 inter
764 3053 800 3103 se
814 3061 931 3122 pacem
946 3038 959 3078 ⁷
961 3050 1025 3120 pro
1040 3039 1120 3103 clim.
1134 3059 1175 3102 m.
1191 3058 1289 3119 quam
1304 3035 1394 3099 dedit

293 3149 470 3214 vicecomiti
476 3148 499 3227 ⁷,
514 3152 560 3213 ita
576 3150 667 3231 quod
682 3169 742 3231 per
756 3171 872 3232 pacem
889 3149 979 3213 illam
995 3149 1082 3213 filius
1097 3151 1236 3231 predicti
1253 3147 1392 3212 Roberti

292 3260 417 3325 scilicet
432 3260 597 3324 Walterus
613 3261 711 3324 duxit
727 3263 759 3323 in
776 3252 914 3324 uxorem
930 3262 1030 3324 filiam
1046 3261 1168 3325 mortui
1184 3270 1217 3325 et
1233 3263 1280 3324 eis
1296 3261 1390 3324 dedit
1480 3277 1483 3283 '

297 3391 312 3434 1
340 3373 502 3455 virgatam
533 3382 618 3436 terre
647 3393 707 3455 pro
738 3391 820 3454 pace
850 3372 918 3438 illa.
975 3374 1022 3438 Et
1048 3373 1162 3437 dicunt
1189 3373 1279 3455 quod
1303 3372 1392 3435 idem

296 3483 473 3548 Gaufridus
491 3481 552 3548 suit
571 3485 614 3547 ad
637 3485 779 3566 primum
803 3486 998 3548 comitatum
1018 3493 1096 3567 post
1111 3483 1236 3548 sactum
1252 3483 1343 3560 illud,
1359 3493 1393 3547 et

294 3595 475 3679 appellavit
493 3615 608 3658 omnes
623 3595 789 3678 predictos
812 3596 854 3659 de
874 3596 982 3679 plagis
997 3597 1064 3659 suis
1081 3605 1115 3659 et
1131 3597 1232 3659 tercio
1248 3595 1302 3659 die
1317 3603 1394 3678 post

169 3701 173 3708 ’
294 3709 398 3785 obiit;
421 3717 454 3770 et
470 3706 637 3771 Walterus
653 3707 793 3771 Hunder
811 3717 928 3790 captus
945 3707 1006 3772 suit
1022 3729 1082 3791 pro
1104 3709 1221 3771 eadem
1239 3717 1345 3770 morte
1360 3715 1394 3769 et

296 3819 459 3901 abjuravit
478 3839 614 3901 regnum
630 3839 689 3901 per
703 3829 895 3901 preceptum
911 3819 1074 3900 Johannis
1092 3819 1204 3901 Regis,
1222 3826 1255 3880 et
1273 3817 1394 3880 Henri-

296 3953 354 3996 cus
364 3931 449 3993 iilius
461 3929 608 4012 ejusdem
621 3929 761 3994 Walteri
773 3930 857 4014 iugit
868 3951 930 4013 pro
942 3933 1058 3995 eadem
1072 3941 1178 3994 morte
1191 3940 1224 3993 et
1236 3929 1394 4012 fugiendo

331 4166 338 4195 ¹
357 4165 493 4217 Clement's
509 4184 582 4217 name
599 4168 683 4217 struck
701 4167 822 4232 through:
841 4167 965 4232 probably
982 4167 1013 4217 he
1030 4167 1051 4214 is
1068 4166 1139 4217 dead.
1176 4167 1204 4215 Iu
1219 4165 1239 4214 B
1254 4164 1297 4215 the
1314 4164 1396 4214 whole

298 4255 367 4313 entry
378 4249 438 4298 ends
449 4249 510 4298 with
525 4249 672 4300 Concordati
681 4257 742 4299 sunt
747 4257 796 4314 per
808 4249 937 4298 licenciam
940 4248 1158 4314 justiciariorum.

331 4329 471 4381 ’Scenote
482 4339 509 4379 to
520 4331 571 4380 this
582 4347 646 4382 case.

262 4411 278 4435 ⁸
332 4412 429 4461 'obiit
439 4411 567 4462 interlined
580 4414 604 4461 in
617 4414 647 4463 A.
777 4412 942 4477 ⁴Suspensus
953 4411 1084 4462 interlined
1097 4411 1119 4459 in
1133 4411 1165 4459 A.
1279 4408 1289 4438 ⁶
1298 4403 1363 4475 W

331 4495 371 4524 Η
387 4493 520 4543 interlined
533 4494 558 4544 in
571 4496 602 4552 A,
615 4496 729 4545 nowhere
740 4497 766 4545 iu
778 4496 805 4544 B.
883 4493 923 4524 7-7
941 4493 1075 4543 Interlined
1087 4494 1111 4542 in
1125 4494 1156 4549 A,
1168 4491 1284 4542 nowhere
1296 4491 1321 4540 in
1334 4491 1362 4540 B.
