<?xml version="1.0" encoding="UTF-8"?>
<!DOCTYPE html PUBLIC "-//W3C//DTD XHTML 1.0 Transitional//EN"
    "http://www.w3.org/TR/xhtml1/DTD/xhtml1-transitional.dtd">
<html xmlns="http://www.w3.org/1999/xhtml" xml:lang="en" lang="en">
 <head>
  <title>
</title>
<meta http-equiv="Content-Type" content="text/html;charset=utf-8" />
  <meta name='ocr-system' content='tesseract 3.04.00' />
  <meta name='ocr-capabilities' content='ocr_page ocr_carea ocr_par ocr_line ocrx_word'/>
</head>
<body>
  <div class='ocr_page' id='page_1' title='image "./pleascrownforco00maitgoog_0134.png"; bbox 0 0 3238 5092; ppageno 0'>
   <div class='ocr_carea' id='block_1_1' title="bbox 293 408 1030 488">
    <p class='ocr_par' dir='ltr' id='par_1_1' title="bbox 293 408 1030 488">
     <span class='ocr_line' id='line_1_1' title="bbox 293 408 1030 488; baseline 0.011 -18"><span class='ocrx_word' id='word_1_1' title='bbox 293 408 333 488; x_wconf 85' lang='lat'>78</span> <span class='ocrx_word' id='word_1_2' title='bbox 656 422 837 478; x_wconf 60' lang='lat' dir='ltr'>aalma</span> <span class='ocrx_word' id='word_1_3' title='bbox 864 424 1030 481; x_wconf 72' lang='lat' dir='ltr'>corona</span> 
     </span>
    </p>
   </div>
   <div class='ocr_carea' id='block_1_2' title="bbox 290 563 1395 761">
    <p class='ocr_par' dir='ltr' id='par_1_2' title="bbox 290 563 1395 761">
     <span class='ocr_line' id='line_1_2' title="bbox 290 563 1395 673; baseline 0.011 -28"><span class='ocrx_word' id='word_1_4' title='bbox 290 581 410 645; x_wconf 88' lang='lat' dir='ltr'>catalla</span> <span class='ocrx_word' id='word_1_5' title='bbox 432 581 503 664; x_wconf 91' lang='lat' dir='ltr'>ejus</span> <span class='ocrx_word' id='word_1_6' title='bbox 527 592 562 661; x_wconf 83' lang='lat'>4¹</span> <span class='ocrx_word' id='word_1_7' title='bbox 588 585 677 650; x_wconf 90' lang='lat' dir='ltr'>unde</span> <span class='ocrx_word' id='word_1_8' title='bbox 695 585 878 654; x_wconf 86' lang='lat' dir='ltr'>vicecomes</span> <span class='ocrx_word' id='word_1_9' title='bbox 902 563 1003 654; x_wconf 83' lang='lat' dir='ltr'>debet</span> <span class='ocrx_word' id='word_1_10' title='bbox 1029 591 1249 673; x_wconf 80' lang='lat' dir='ltr'>respondere3</span> <span class='ocrx_word' id='word_1_11' title='bbox 1282 592 1395 658; x_wconf 92' lang='lat' dir='ltr'>nullus</span> 
     </span>
     <span class='ocr_line' id='line_1_3' title="bbox 291 691 639 761; baseline 0.011 -5"><span class='ocrx_word' id='word_1_12' title='bbox 291 691 376 756; x_wconf 88' lang='lat' dir='ltr'>alius</span> <span class='ocrx_word' id='word_1_13' title='bbox 398 692 639 761; x_wconf 88' lang='lat' dir='ltr'>malecreditur.</span> 
     </span>
    </p>
   </div>
   <div class='ocr_carea' id='block_1_3' title="bbox 287 798 1395 2222">
    <p class='ocr_par' dir='ltr' id='par_1_3' title="bbox 287 798 1395 2222">
     <span class='ocr_line' id='line_1_4' title="bbox 336 798 1395 879; baseline 0.017 -20"><span class='ocrx_word' id='word_1_14' title='bbox 336 806 407 863; x_wconf 84' lang='lat'>328.</span> <span class='ocrx_word' id='word_1_15' title='bbox 429 798 513 864; x_wconf 90' lang='lat' dir='ltr'>Tres</span> <span class='ocrx_word' id='word_1_16' title='bbox 528 800 678 868; x_wconf 92' lang='lat' dir='ltr'>homines</span> <span class='ocrx_word' id='word_1_17' title='bbox 692 817 853 872; x_wconf 88' lang='lat' dir='ltr'>venerunt</span> <span class='ocrx_word' id='word_1_18' title='bbox 867 811 911 874; x_wconf 90' lang='lat' dir='ltr'>de</span> <span class='ocrx_word' id='word_1_19' title='bbox 926 818 1023 873; x_wconf 89' lang='lat' dir='ltr'>nocte</span> <span class='ocrx_word' id='word_1_20' title='bbox 1037 810 1080 873; x_wconf 87' lang='lat' dir='ltr'>ad</span> <span class='ocrx_word' id='word_1_21' title='bbox 1096 809 1236 874; x_wconf 90' lang='lat' dir='ltr'>domum</span> <span class='ocrx_word' id='word_1_22' title='bbox 1252 811 1395 879; x_wconf 84' lang='lat' dir='ltr'>Wulfiet</span> 
     </span>
     <span class='ocr_line' id='line_1_5' title="bbox 289 911 1393 1002; baseline 0.008 -28"><span class='ocrx_word' id='word_1_23' title='bbox 289 911 332 975; x_wconf 93' lang='lat' dir='ltr'>de</span> <span class='ocrx_word' id='word_1_24' title='bbox 354 912 469 977; x_wconf 90' lang='lat' dir='ltr'>Bullee</span> <span class='ocrx_word' id='word_1_25' title='bbox 491 925 621 980; x_wconf 83' lang='lat' dir='ltr'>etcum</span> <span class='ocrx_word' id='word_1_26' title='bbox 642 917 828 999; x_wconf 86' lang='lat' dir='ltr'>ligaverunt</span> <span class='ocrx_word' id='word_1_27' title='bbox 847 929 882 984; x_wconf 94' lang='lat' dir='ltr'>et</span> <span class='ocrx_word' id='word_1_28' title='bbox 904 929 1158 1002; x_wconf 88' lang='lat' dir='ltr'>asportaverunt</span> <span class='ocrx_word' id='word_1_29' title='bbox 1178 922 1303 986; x_wconf 90' lang='lat' dir='ltr'>catalla</span> <span class='ocrx_word' id='word_1_30' title='bbox 1322 943 1393 986; x_wconf 88' lang='lat' dir='ltr'>sua.</span> 
     </span>
     <span class='ocr_line' id='line_1_6' title="bbox 291 1022 1395 1113; baseline 0.01 -28"><span class='ocrx_word' id='word_1_31' title='bbox 291 1022 447 1087; x_wconf 90' lang='lat' dir='ltr'>Nescitur</span> <span class='ocrx_word' id='word_1_32' title='bbox 473 1025 529 1106; x_wconf 93' lang='lat' dir='ltr'>qui</span> <span class='ocrx_word' id='word_1_33' title='bbox 555 1027 618 1110; x_wconf 88' lang='lat' dir='ltr'>ipsi</span> <span class='ocrx_word' id='word_1_34' title='bbox 648 1028 779 1093; x_wconf 83' lang='lat' dir='ltr'>luerunt</span> <span class='ocrx_word' id='word_1_35' title='bbox 809 1040 861 1096; x_wconf 90' lang='lat' dir='ltr'>set</span> <span class='ocrx_word' id='word_1_36' title='bbox 893 1033 1061 1113; x_wconf 88' lang='lat' dir='ltr'>predictus</span> <span class='ocrx_word' id='word_1_37' title='bbox 1087 1032 1228 1096; x_wconf 89' lang='lat' dir='ltr'>Wulfiet</span> <span class='ocrx_word' id='word_1_38' title='bbox 1257 1034 1395 1096; x_wconf 86' lang='lat' dir='ltr'>rettavit</span> 
     </span>
     <span class='ocr_line' id='line_1_7' title="bbox 288 1132 1392 1225; baseline 0.01 -30"><span class='ocrx_word' id='word_1_39' title='bbox 288 1132 493 1199; x_wconf 89' lang='lat' dir='ltr'>Willelmum</span> <span class='ocrx_word' id='word_1_40' title='bbox 511 1135 651 1203; x_wconf 89' lang='lat' dir='ltr'>Scutard</span> <span class='ocrx_word' id='word_1_41' title='bbox 667 1140 710 1204; x_wconf 90' lang='lat' dir='ltr'>de</span> <span class='ocrx_word' id='word_1_42' title='bbox 725 1139 813 1204; x_wconf 83' lang='lat' dir='ltr'>facto</span> <span class='ocrx_word' id='word_1_43' title='bbox 829 1141 887 1205; x_wconf 90' lang='lat' dir='ltr'>illo</span> <span class='ocrx_word' id='word_1_44' title='bbox 902 1151 935 1206; x_wconf 94' lang='lat' dir='ltr'>et</span> <span class='ocrx_word' id='word_1_45' title='bbox 956 1144 1027 1224; x_wconf 92' lang='lat' dir='ltr'>ipse</span> <span class='ocrx_word' id='word_1_46' title='bbox 1042 1142 1146 1225; x_wconf 84' lang='lat' dir='ltr'>fugit3</span> <span class='ocrx_word' id='word_1_47' title='bbox 1170 1153 1205 1207; x_wconf 89' lang='lat' dir='ltr'>et</span> <span class='ocrx_word' id='word_1_48' title='bbox 1220 1143 1392 1207; x_wconf 89' lang='lat' dir='ltr'>Walterus</span> 
     </span>
     <span class='ocr_line' id='line_1_8' title="bbox 290 1244 1394 1334; baseline 0.01 -27"><span class='ocrx_word' id='word_1_49' title='bbox 290 1244 417 1309; x_wconf 85' lang='lat' dir='ltr'>Paleire</span> <span class='ocrx_word' id='word_1_50' title='bbox 446 1248 489 1310; x_wconf 89' lang='lat' dir='ltr'>de</span> <span class='ocrx_word' id='word_1_51' title='bbox 518 1248 609 1330; x_wconf 90' lang='lat' dir='ltr'>cujus</span> <span class='ocrx_word' id='word_1_52' title='bbox 647 1260 846 1333; x_wconf 87' lang='lat' dir='ltr'>manupastu</span> <span class='ocrx_word' id='word_1_53' title='bbox 884 1252 955 1334; x_wconf 90' lang='lat' dir='ltr'>ipse</span> <span class='ocrx_word' id='word_1_54' title='bbox 984 1251 1055 1328; x_wconf 86' lang='lat' dir='ltr'>suit,</span> <span class='ocrx_word' id='word_1_55' title='bbox 1086 1252 1289 1318; x_wconf 88' lang='lat' dir='ltr'>attachiatus</span> <span class='ocrx_word' id='word_1_56' title='bbox 1327 1253 1394 1319; x_wconf 83' lang='lat' dir='ltr'>luit</span> 
     </span>
     <span class='ocr_line' id='line_1_9' title="bbox 288 1355 1393 1441; baseline 0.01 -24"><span class='ocrx_word' id='word_1_57' title='bbox 288 1355 441 1421; x_wconf 88' lang='lat' dir='ltr'>veniendi</span> <span class='ocrx_word' id='word_1_58' title='bbox 452 1378 562 1426; x_wconf 86' lang='lat' dir='ltr'>coram</span> <span class='ocrx_word' id='word_1_59' title='bbox 574 1357 761 1440; x_wconf 85' lang='lat' dir='ltr'>justiciariis</span> <span class='ocrx_word' id='word_1_60' title='bbox 776 1371 809 1426; x_wconf 90' lang='lat' dir='ltr'>et</span> <span class='ocrx_word' id='word_1_61' title='bbox 824 1363 914 1427; x_wconf 88' lang='lat' dir='ltr'>venit</span> <span class='ocrx_word' id='word_1_62' title='bbox 929 1371 980 1426; x_wconf 87' lang='lat' dir='ltr'>set</span> <span class='ocrx_word' id='word_1_63' title='bbox 996 1383 1062 1426; x_wconf 95' lang='lat' dir='ltr'>non</span> <span class='ocrx_word' id='word_1_64' title='bbox 1079 1363 1315 1428; x_wconf 90' lang='lat' dir='ltr'>malecreditur</span> <span class='ocrx_word' id='word_1_65' title='bbox 1329 1384 1393 1441; x_wconf 88' lang='lat' dir='ltr'>per</span> 
     </span>
     <span class='ocr_line' id='line_1_10' title="bbox 293 1467 1394 1558; baseline 0.008 -29"><span class='ocrx_word' id='word_1_66' title='bbox 293 1482 331 1530; x_wconf 82' lang='lat'>12</span> <span class='ocrx_word' id='word_1_67' title='bbox 364 1467 527 1548; x_wconf 87' lang='lat' dir='ltr'>juratores</span> <span class='ocrx_word' id='word_1_68' title='bbox 565 1471 625 1534; x_wconf 90' lang='lat' dir='ltr'>nisi</span> <span class='ocrx_word' id='word_1_69' title='bbox 662 1481 794 1537; x_wconf 90' lang='lat' dir='ltr'>tantum</span> <span class='ocrx_word' id='word_1_70' title='bbox 830 1475 873 1538; x_wconf 90' lang='lat' dir='ltr'>de</span> <span class='ocrx_word' id='word_1_71' title='bbox 903 1483 1104 1556; x_wconf 85' lang='lat' dir='ltr'>manupastu</span> <span class='ocrx_word' id='word_1_72' title='bbox 1134 1472 1269 1558; x_wconf 84' lang='lat' dir='ltr'>¹neque</span> <span class='ocrx_word' id='word_1_73' title='bbox 1300 1477 1394 1540; x_wconf 91' lang='lat' dir='ltr'>idem</span> 
     </span>
     <span class='ocr_line' id='line_1_11' title="bbox 291 1575 1395 1667; baseline 0.012 -29"><span class='ocrx_word' id='word_1_74' title='bbox 291 1575 428 1645; x_wconf 81' lang='lat' dir='ltr'>Wulfiet</span> <span class='ocrx_word' id='word_1_75' title='bbox 455 1581 646 1647; x_wconf 82' lang='lat' dir='ltr'>malceredit</span> <span class='ocrx_word' id='word_1_76' title='bbox 675 1583 794 1663; x_wconf 89' lang='lat' dir='ltr'>eum¹;</span> <span class='ocrx_word' id='word_1_77' title='bbox 828 1586 951 1667; x_wconf 89' lang='lat' dir='ltr'>etipse</span> <span class='ocrx_word' id='word_1_78' title='bbox 972 1585 1140 1651; x_wconf 89' lang='lat' dir='ltr'>Walterus</span> <span class='ocrx_word' id='word_1_79' title='bbox 1161 1589 1253 1650; x_wconf 89' lang='lat' dir='ltr'>venit</span> <span class='ocrx_word' id='word_1_80' title='bbox 1277 1595 1312 1650; x_wconf 94' lang='lat' dir='ltr'>et</span> <span class='ocrx_word' id='word_1_81' title='bbox 1335 1587 1395 1651; x_wconf 84' lang='lat' dir='ltr'>de·</span> 
     </span>
     <span class='ocr_line' id='line_1_12' title="bbox 288 1687 1395 1781; baseline 0.013 -31"><span class='ocrx_word' id='word_1_82' title='bbox 288 1687 394 1752; x_wconf 85' lang='lat' dir='ltr'>fendit</span> <span class='ocrx_word' id='word_1_83' title='bbox 408 1693 498 1771; x_wconf 90' lang='lat' dir='ltr'>quod</span> <span class='ocrx_word' id='word_1_84' title='bbox 520 1711 584 1755; x_wconf 93' lang='lat' dir='ltr'>non</span> <span class='ocrx_word' id='word_1_85' title='bbox 604 1693 665 1758; x_wconf 88' lang='lat' dir='ltr'>suit</span> <span class='ocrx_word' id='word_1_86' title='bbox 685 1696 728 1759; x_wconf 90' lang='lat' dir='ltr'>de</span> <span class='ocrx_word' id='word_1_87' title='bbox 750 1705 949 1778; x_wconf 81' lang='lat' dir='ltr'>manupasto</span> <span class='ocrx_word' id='word_1_88' title='bbox 970 1696 1042 1778; x_wconf 89' lang='lat' dir='ltr'>ejus</span> <span class='ocrx_word' id='word_1_89' title='bbox 1060 1707 1094 1766; x_wconf 90' lang='lat' dir='ltr'>et</span> <span class='ocrx_word' id='word_1_90' title='bbox 1113 1715 1152 1762; x_wconf 84' lang='lat'>12</span> <span class='ocrx_word' id='word_1_91' title='bbox 1173 1698 1341 1781; x_wconf 88' lang='lat' dir='ltr'>juratores</span> <span class='ocrx_word' id='word_1_92' title='bbox 1358 1707 1395 1764; x_wconf 89' lang='lat' dir='ltr'>et</span> 
     </span>
     <span class='ocr_line' id='line_1_13' title="bbox 288 1797 1395 1883; baseline 0.01 -23"><span class='ocrx_word' id='word_1_93' title='bbox 288 1797 403 1864; x_wconf 89' lang='lat' dir='ltr'>villata</span> <span class='ocrx_word' id='word_1_94' title='bbox 420 1808 586 1866; x_wconf 87' lang='lat' dir='ltr'>testantur</span> <span class='ocrx_word' id='word_1_95' title='bbox 600 1804 633 1866; x_wconf 93' lang='lat' dir='ltr'>in</span> <span class='ocrx_word' id='word_1_96' title='bbox 648 1808 848 1872; x_wconf 89' lang='lat' dir='ltr'>contrarium</span> <span class='ocrx_word' id='word_1_97' title='bbox 864 1816 897 1870; x_wconf 93' lang='lat' dir='ltr'>et</span> <span class='ocrx_word' id='word_1_98' title='bbox 913 1808 989 1872; x_wconf 89' lang='lat' dir='ltr'>ideo</span> <span class='ocrx_word' id='word_1_99' title='bbox 1004 1809 1232 1883; x_wconf 88' lang='lat' dir='ltr'>custodiatur;</span> <span class='ocrx_word' id='word_1_100' title='bbox 1256 1818 1291 1871; x_wconf 94' lang='lat' dir='ltr'>et</span> <span class='ocrx_word' id='word_1_101' title='bbox 1307 1807 1395 1871; x_wconf 86' lang='lat' dir='ltr'>Wil-</span> 
     </span>
     <span class='ocr_line' id='line_1_14' title="bbox 289 1908 1395 2002; baseline 0.012 -32"><span class='ocrx_word' id='word_1_102' title='bbox 289 1908 411 1974; x_wconf 87' lang='lat' dir='ltr'>lelmus</span> <span class='ocrx_word' id='word_1_103' title='bbox 435 1909 577 1979; x_wconf 89' lang='lat' dir='ltr'>Scutard</span> <span class='ocrx_word' id='word_1_104' title='bbox 600 1916 762 1998; x_wconf 85' lang='lat' dir='ltr'>exigatur.</span> <span class='ocrx_word' id='word_1_105' title='bbox 807 1915 876 1982; x_wconf 70' lang='lat' dir='ltr'>8Et</span> <span class='ocrx_word' id='word_1_106' title='bbox 898 1918 1070 1982; x_wconf 86' lang='lat' dir='ltr'>sciendum</span> <span class='ocrx_word' id='word_1_107' title='bbox 1092 1919 1184 2002; x_wconf 91' lang='lat' dir='ltr'>quod</span> <span class='ocrx_word' id='word_1_108' title='bbox 1207 1919 1327 1983; x_wconf 89' lang='lat' dir='ltr'>villata</span> <span class='ocrx_word' id='word_1_109' title='bbox 1348 1920 1395 1984; x_wconf 92' lang='lat' dir='ltr'>de</span> 
     </span>
     <span class='ocr_line' id='line_1_15' title="bbox 289 2018 1395 2110; baseline 0.014 -29"><span class='ocrx_word' id='word_1_110' title='bbox 289 2018 405 2084; x_wconf 89' lang='lat' dir='ltr'>Bullee</span> <span class='ocrx_word' id='word_1_111' title='bbox 420 2019 476 2085; x_wconf 90' lang='lat' dir='ltr'>ubi</span> <span class='ocrx_word' id='word_1_112' title='bbox 491 2024 615 2091; x_wconf 84' lang='lat' dir='ltr'>iactum</span> <span class='ocrx_word' id='word_1_113' title='bbox 632 2027 719 2090; x_wconf 90' lang='lat' dir='ltr'>istud</span> <span class='ocrx_word' id='word_1_114' title='bbox 735 2026 858 2092; x_wconf 87' lang='lat' dir='ltr'>sactum</span> <span class='ocrx_word' id='word_1_115' title='bbox 874 2028 937 2091; x_wconf 82' lang='lat' dir='ltr'>luit</span> <span class='ocrx_word' id='word_1_116' title='bbox 952 2038 1003 2092; x_wconf 90' lang='lat' dir='ltr'>est</span> <span class='ocrx_word' id='word_1_117' title='bbox 1022 2029 1053 2092; x_wconf 94' lang='lat' dir='ltr'>in</span> <span class='ocrx_word' id='word_1_118' title='bbox 1070 2029 1297 2098; x_wconf 77' lang='lat' dir='ltr'>misericordia</span> <span class='ocrx_word' id='word_1_119' title='bbox 1312 2029 1395 2110; x_wconf 81' lang='lat' dir='ltr'>quia</span> 
     </span>
     <span class='ocr_line' id='line_1_16' title="bbox 287 2129 1395 2222; baseline 0.012 -30"><span class='ocrx_word' id='word_1_120' title='bbox 287 2129 350 2212; x_wconf 91' lang='lat' dir='ltr'>ipsi</span> <span class='ocrx_word' id='word_1_121' title='bbox 369 2133 476 2213; x_wconf 89' lang='lat' dir='ltr'>primo</span> <span class='ocrx_word' id='word_1_122' title='bbox 498 2134 655 2202; x_wconf 89' lang='lat' dir='ltr'>dixerunt</span> <span class='ocrx_word' id='word_1_123' title='bbox 676 2139 766 2219; x_wconf 91' lang='lat' dir='ltr'>quod</span> <span class='ocrx_word' id='word_1_124' title='bbox 790 2158 855 2201; x_wconf 93' lang='lat' dir='ltr'>non</span> <span class='ocrx_word' id='word_1_125' title='bbox 876 2147 1101 2222; x_wconf 86' lang='lat' dir='ltr'>cognoverunt</span> <span class='ocrx_word' id='word_1_126' title='bbox 1118 2160 1195 2202; x_wconf 88' lang='lat' dir='ltr'>eum</span> <span class='ocrx_word' id='word_1_127' title='bbox 1218 2149 1253 2204; x_wconf 91' lang='lat' dir='ltr'>et</span> <span class='ocrx_word' id='word_1_128' title='bbox 1273 2149 1395 2222; x_wconf 88' lang='lat' dir='ltr'>postea</span> 
     </span>
    </p>
   </div>
   <div class='ocr_carea' id='block_1_4' title="bbox 145 2246 1395 2333">
    <p class='ocr_par' dir='ltr' id='par_1_4' title="bbox 145 2246 1395 2333">
     <span class='ocr_line' id='line_1_17' title="bbox 145 2246 1395 2333; baseline 0.007 -22"><span class='ocrx_word' id='word_1_129' title='bbox 145 2260 169 2278; x_wconf 78' lang='grc'>““</span> <span class='ocrx_word' id='word_1_130' title='bbox 288 2256 513 2332; x_wconf 87' lang='lat' dir='ltr'>cognoverunt</span> <span class='ocrx_word' id='word_1_131' title='bbox 539 2249 627 2330; x_wconf 90' lang='lat' dir='ltr'>quod</span> <span class='ocrx_word' id='word_1_132' title='bbox 657 2246 719 2311; x_wconf 89' lang='lat' dir='ltr'>fuit</span> <span class='ocrx_word' id='word_1_133' title='bbox 748 2248 791 2311; x_wconf 88' lang='lat' dir='ltr'>de</span> <span class='ocrx_word' id='word_1_134' title='bbox 821 2261 1020 2332; x_wconf 86' lang='lat' dir='ltr'>manupastu</span> <span class='ocrx_word' id='word_1_135' title='bbox 1050 2251 1193 2333; x_wconf 89' lang='lat' dir='ltr'>predicti</span> <span class='ocrx_word' id='word_1_136' title='bbox 1220 2249 1395 2320; x_wconf 81' lang='lat' dir='ltr'>Walteri⁸.</span> 
     </span>
    </p>
   </div>
   <div class='ocr_carea' id='block_1_5' title="bbox 286 2358 1397 4308">
    <p class='ocr_par' dir='ltr' id='par_1_5' title="bbox 288 2358 1395 2664">
     <span class='ocr_line' id='line_1_18' title="bbox 288 2358 1394 2425; baseline 0 -1"><span class='ocrx_word' id='word_1_137' title='bbox 288 2360 475 2424; x_wconf 91' lang='lat' dir='ltr'>Willelmus</span> <span class='ocrx_word' id='word_1_138' title='bbox 491 2358 633 2423; x_wconf 86' lang='lat' dir='ltr'>Scutard</span> <span class='ocrx_word' id='word_1_139' title='bbox 649 2377 714 2421; x_wconf 93' lang='lat' dir='ltr'>non</span> <span class='ocrx_word' id='word_1_140' title='bbox 729 2359 831 2423; x_wconf 90' lang='lat' dir='ltr'>habet</span> <span class='ocrx_word' id='word_1_141' title='bbox 851 2360 979 2424; x_wconf 87' lang='lat' dir='ltr'>catalla.</span> <span class='ocrx_word' id='word_1_142' title='bbox 1024 2361 1169 2425; x_wconf 78' lang='lat' dir='ltr'>³Postea</span> <span class='ocrx_word' id='word_1_143' title='bbox 1188 2361 1282 2425; x_wconf 89' lang='lat' dir='ltr'>venit</span> <span class='ocrx_word' id='word_1_144' title='bbox 1296 2360 1394 2424; x_wconf 86' lang='lat' dir='ltr'>Wal-</span> 
     </span>
     <span class='ocr_line' id='line_1_19' title="bbox 289 2467 1395 2554; baseline 0 -16"><span class='ocrx_word' id='word_1_145' title='bbox 289 2485 377 2538; x_wconf 91' lang='lat' dir='ltr'>terus</span> <span class='ocrx_word' id='word_1_146' title='bbox 393 2470 530 2534; x_wconf 83' lang='lat' dir='ltr'>Paleirei</span> <span class='ocrx_word' id='word_1_147' title='bbox 546 2478 580 2534; x_wconf 91' lang='lat' dir='ltr'>et</span> <span class='ocrx_word' id='word_1_148' title='bbox 597 2467 697 2533; x_wconf 88' lang='lat' dir='ltr'>finem</span> <span class='ocrx_word' id='word_1_149' title='bbox 717 2469 795 2534; x_wconf 82' lang='lat' dir='ltr'>lecit</span> <span class='ocrx_word' id='word_1_150' title='bbox 809 2491 868 2553; x_wconf 87' lang='lat' dir='ltr'>per</span> <span class='ocrx_word' id='word_1_151' title='bbox 886 2479 938 2535; x_wconf 86' lang='lat'>10¹</span> <span class='ocrx_word' id='word_1_152' title='bbox 956 2492 1015 2554; x_wconf 91' lang='lat' dir='ltr'>per</span> <span class='ocrx_word' id='word_1_153' title='bbox 1035 2471 1182 2554; x_wconf 87' lang='lat' dir='ltr'>plegium</span> <span class='ocrx_word' id='word_1_154' title='bbox 1198 2472 1334 2536; x_wconf 90' lang='lat' dir='ltr'>Thome</span> <span class='ocrx_word' id='word_1_155' title='bbox 1348 2473 1395 2540; x_wconf 85' lang='lat' dir='ltr'>de</span> 
     </span>
     <span class='ocr_line' id='line_1_20' title="bbox 290 2581 512 2664; baseline -0.014 -17"><span class='ocrx_word' id='word_1_156' title='bbox 290 2581 512 2664; x_wconf 82' lang='lat' dir='ltr'>Huntelege³.</span> 
     </span>
    </p>

    <p class='ocr_par' dir='ltr' id='par_1_6' title="bbox 286 2688 1397 4308">
     <span class='ocr_line' id='line_1_21' title="bbox 336 2688 1397 2780; baseline 0.004 -24"><span class='ocrx_word' id='word_1_157' title='bbox 336 2703 407 2758; x_wconf 86' lang='lat'><strong>329.</strong></span> <span class='ocrx_word' id='word_1_158' title='bbox 419 2688 479 2780; x_wconf 91' lang='lat' dir='ltr'>[B]</span> <span class='ocrx_word' id='word_1_159' title='bbox 502 2693 669 2757; x_wconf 91' lang='lat' dir='ltr'>Robertus</span> <span class='ocrx_word' id='word_1_160' title='bbox 692 2691 952 2760; x_wconf 87' lang='lat' dir='ltr'>Molendinarius</span> <span class='ocrx_word' id='word_1_161' title='bbox 975 2693 1097 2758; x_wconf 88' lang='lat' dir='ltr'>occidit</span> <span class='ocrx_word' id='word_1_162' title='bbox 1117 2693 1305 2758; x_wconf 91' lang='lat' dir='ltr'>Robertum</span> <span class='ocrx_word' id='word_1_163' title='bbox 1325 2714 1397 2760; x_wconf 87' lang='lat' dir='ltr'>ser-</span> 
     </span>
     <span class='ocr_line' id='line_1_22' title="bbox 292 2802 1396 2888; baseline 0.001 -19"><span class='ocrx_word' id='word_1_164' title='bbox 292 2806 437 2869; x_wconf 87' lang='lat' dir='ltr'>vientem</span> <span class='ocrx_word' id='word_1_165' title='bbox 454 2803 588 2867; x_wconf 91' lang='lat' dir='ltr'>Henrici</span> <span class='ocrx_word' id='word_1_166' title='bbox 603 2802 646 2867; x_wconf 91' lang='lat' dir='ltr'>de</span> <span class='ocrx_word' id='word_1_167' title='bbox 662 2802 809 2866; x_wconf 90' lang='lat' dir='ltr'>Minerus</span> <span class='ocrx_word' id='word_1_168' title='bbox 829 2803 861 2866; x_wconf 96' lang='lat' dir='ltr'>in</span> <span class='ocrx_word' id='word_1_169' title='bbox 878 2804 1070 2868; x_wconf 89' lang='lat' dir='ltr'>molendino</span> <span class='ocrx_word' id='word_1_170' title='bbox 1086 2804 1235 2888; x_wconf 89' lang='lat' dir='ltr'>ejusdem</span> <span class='ocrx_word' id='word_1_171' title='bbox 1253 2805 1396 2871; x_wconf 86' lang='lat' dir='ltr'>Henrici</span> 
     </span>
     <span class='ocr_line' id='line_1_23' title="bbox 289 2912 1396 2997; baseline -0.002 -17"><span class='ocrx_word' id='word_1_172' title='bbox 289 2925 324 2980; x_wconf 92' lang='lat' dir='ltr'>et</span> <span class='ocrx_word' id='word_1_173' title='bbox 353 2915 436 2997; x_wconf 89' lang='lat' dir='ltr'>sugit</span> <span class='ocrx_word' id='word_1_174' title='bbox 465 2933 524 2995; x_wconf 93' lang='lat' dir='ltr'>pro</span> <span class='ocrx_word' id='word_1_175' title='bbox 554 2921 661 2976; x_wconf 85' lang='lat' dir='ltr'>morte</span> <span class='ocrx_word' id='word_1_176' title='bbox 690 2912 747 2976; x_wconf 89' lang='lat' dir='ltr'>illa</span> <span class='ocrx_word' id='word_1_177' title='bbox 777 2915 862 2978; x_wconf 92' lang='lat' dir='ltr'>sicut</span> <span class='ocrx_word' id='word_1_178' title='bbox 893 2922 1053 2977; x_wconf 87' lang='lat' dir='ltr'>testatum</span> <span class='ocrx_word' id='word_1_179' title='bbox 1084 2923 1136 2978; x_wconf 90' lang='lat' dir='ltr'>est</span> <span class='ocrx_word' id='word_1_180' title='bbox 1172 2934 1233 2996; x_wconf 89' lang='lat' dir='ltr'>per</span> <span class='ocrx_word' id='word_1_181' title='bbox 1265 2914 1396 2980; x_wconf 83' lang='lat' dir='ltr'>rotulos</span> 
     </span>
     <span class='ocr_line' id='line_1_24' title="bbox 289 3022 1396 3104; baseline -0.001 -14"><span class='ocrx_word' id='word_1_182' title='bbox 289 3033 518 3090; x_wconf 88' lang='lat' dir='ltr'>coronatorum</span> <span class='ocrx_word' id='word_1_183' title='bbox 548 3033 582 3088; x_wconf 88' lang='lat' dir='ltr'>et</span> <span class='ocrx_word' id='word_1_184' title='bbox 609 3022 731 3086; x_wconf 87' lang='lat' dir='ltr'>Emma</span> <span class='ocrx_word' id='word_1_185' title='bbox 756 3024 863 3087; x_wconf 89' lang='lat' dir='ltr'>amica</span> <span class='ocrx_word' id='word_1_186' title='bbox 890 3022 1041 3104; x_wconf 89' lang='lat' dir='ltr'>ejusdem</span> <span class='ocrx_word' id='word_1_187' title='bbox 1079 3023 1220 3089; x_wconf 88' lang='lat' dir='ltr'>Roberti</span> <span class='ocrx_word' id='word_1_188' title='bbox 1260 3025 1396 3089; x_wconf 83' lang='lat' dir='ltr'>Molen-</span> 
     </span>
     <span class='ocr_line' id='line_1_25' title="bbox 289 3133 1396 3216; baseline 0.001 -17"><span class='ocrx_word' id='word_1_189' title='bbox 289 3134 405 3200; x_wconf 87' lang='lat' dir='ltr'>dinarii</span> <span class='ocrx_word' id='word_1_190' title='bbox 425 3134 508 3216; x_wconf 86' lang='lat' dir='ltr'>sugit</span> <span class='ocrx_word' id='word_1_191' title='bbox 527 3134 560 3195; x_wconf 92' lang='lat' dir='ltr'>in</span> <span class='ocrx_word' id='word_1_192' title='bbox 581 3133 753 3196; x_wconf 87' lang='lat' dir='ltr'>ecclesiam</span> <span class='ocrx_word' id='word_1_193' title='bbox 774 3141 808 3196; x_wconf 89' lang='lat' dir='ltr'>et</span> <span class='ocrx_word' id='word_1_194' title='bbox 826 3133 989 3214; x_wconf 88' lang='lat' dir='ltr'>abjuravit</span> <span class='ocrx_word' id='word_1_195' title='bbox 1010 3145 1133 3198; x_wconf 87' lang='lat' dir='ltr'>terram</span> <span class='ocrx_word' id='word_1_196' title='bbox 1152 3155 1266 3200; x_wconf 90' lang='lat' dir='ltr'>coram</span> <span class='ocrx_word' id='word_1_197' title='bbox 1284 3136 1396 3202; x_wconf 87' lang='lat' dir='ltr'>Gione</span> 
     </span>
     <span class='ocr_line' id='line_1_26' title="bbox 289 3243 1396 3330; baseline 0.001 -20"><span class='ocrx_word' id='word_1_198' title='bbox 289 3248 332 3310; x_wconf 91' lang='lat' dir='ltr'>de</span> <span class='ocrx_word' id='word_1_199' title='bbox 358 3243 590 3321; x_wconf 86' lang='lat' dir='ltr'>Chaunceaus;</span> <span class='ocrx_word' id='word_1_200' title='bbox 622 3253 657 3307; x_wconf 93' lang='lat' dir='ltr'>et</span> <span class='ocrx_word' id='word_1_201' title='bbox 684 3259 722 3306; x_wconf 85' lang='lat'>12</span> <span class='ocrx_word' id='word_1_202' title='bbox 747 3243 910 3326; x_wconf 88' lang='lat' dir='ltr'>juratores</span> <span class='ocrx_word' id='word_1_203' title='bbox 934 3253 1101 3309; x_wconf 80' lang='lat' dir='ltr'>testantur</span> <span class='ocrx_word' id='word_1_204' title='bbox 1130 3248 1221 3328; x_wconf 92' lang='lat' dir='ltr'>quod</span> <span class='ocrx_word' id='word_1_205' title='bbox 1253 3248 1396 3330; x_wconf 88' lang='lat' dir='ltr'>quidam</span> 
     </span>
     <span class='ocr_line' id='line_1_27' title="bbox 290 3341 1396 3436; baseline 0.001 -16"><span class='ocrx_word' id='word_1_206' title='bbox 290 3357 454 3421; x_wconf 89' lang='lat' dir='ltr'>Henricus</span> <span class='ocrx_word' id='word_1_207' title='bbox 475 3341 569 3436; x_wconf 75' lang='lat' dir='ltr'>cujus&#39;</span> <span class='ocrx_word' id='word_1_208' title='bbox 589 3373 753 3436; x_wconf 83' lang='lat' dir='ltr'>agnomen</span> <span class='ocrx_word' id='word_1_209' title='bbox 776 3355 930 3436; x_wconf 86' lang='lat' dir='ltr'>ignorant</span> <span class='ocrx_word' id='word_1_210' title='bbox 951 3354 1013 3424; x_wconf 82' lang='lat' dir='ltr'>luit</span> <span class='ocrx_word' id='word_1_211' title='bbox 1035 3365 1115 3420; x_wconf 88' lang='lat' dir='ltr'>tunc</span> <span class='ocrx_word' id='word_1_212' title='bbox 1138 3356 1172 3419; x_wconf 92' lang='lat' dir='ltr'>in</span> <span class='ocrx_word' id='word_1_213' title='bbox 1196 3359 1396 3424; x_wconf 87' lang='lat' dir='ltr'>molendino</span> 
     </span>
     <span class='ocr_line' id='line_1_28' title="bbox 289 3464 1396 3549; baseline 0.002 -18"><span class='ocrx_word' id='word_1_214' title='bbox 289 3467 346 3531; x_wconf 93' lang='lat' dir='ltr'>illo</span> <span class='ocrx_word' id='word_1_215' title='bbox 361 3477 395 3531; x_wconf 91' lang='lat' dir='ltr'>et</span> <span class='ocrx_word' id='word_1_216' title='bbox 413 3466 549 3549; x_wconf 86' lang='lat' dir='ltr'>quidam</span> <span class='ocrx_word' id='word_1_217' title='bbox 571 3466 681 3547; x_wconf 89' lang='lat' dir='ltr'>garcio</span> <span class='ocrx_word' id='word_1_218' title='bbox 704 3464 932 3529; x_wconf 81' lang='lat' dir='ltr'>molendinarii</span> <span class='ocrx_word' id='word_1_219' title='bbox 953 3465 1104 3529; x_wconf 89' lang='lat' dir='ltr'>similiter</span> <span class='ocrx_word' id='word_1_220' title='bbox 1123 3467 1181 3549; x_wconf 93' lang='lat' dir='ltr'>qui</span> <span class='ocrx_word' id='word_1_221' title='bbox 1202 3467 1298 3532; x_wconf 91' lang='lat' dir='ltr'>obiit.</span> <span class='ocrx_word' id='word_1_222' title='bbox 1346 3468 1396 3534; x_wconf 90' lang='lat' dir='ltr'>Et</span> 
     </span>
     <span class='ocr_line' id='line_1_29' title="bbox 289 3573 1397 3660; baseline 0.004 -19"><span class='ocrx_word' id='word_1_223' title='bbox 289 3579 431 3660; x_wconf 91' lang='lat' dir='ltr'>quedam</span> <span class='ocrx_word' id='word_1_224' title='bbox 448 3574 647 3657; x_wconf 87' lang='lat' dir='ltr'>Raghenilla</span> <span class='ocrx_word' id='word_1_225' title='bbox 668 3573 731 3638; x_wconf 85' lang='lat' dir='ltr'>suit</span> <span class='ocrx_word' id='word_1_226' title='bbox 750 3585 829 3638; x_wconf 92' lang='lat' dir='ltr'>tunc</span> <span class='ocrx_word' id='word_1_227' title='bbox 852 3573 1003 3638; x_wconf 86' lang='lat' dir='ltr'>similiter</span> <span class='ocrx_word' id='word_1_228' title='bbox 1019 3575 1054 3637; x_wconf 94' lang='lat' dir='ltr'>in</span> <span class='ocrx_word' id='word_1_229' title='bbox 1074 3575 1267 3641; x_wconf 91' lang='lat' dir='ltr'>molendino</span> <span class='ocrx_word' id='word_1_230' title='bbox 1284 3578 1344 3642; x_wconf 92' lang='lat' dir='ltr'>illo</span> <span class='ocrx_word' id='word_1_231' title='bbox 1360 3589 1397 3645; x_wconf 89' lang='lat' dir='ltr'>et</span> 
     </span>
     <span class='ocr_line' id='line_1_30' title="bbox 288 3684 1397 3766; baseline 0.002 -13"><span class='ocrx_word' id='word_1_232' title='bbox 288 3688 379 3753; x_wconf 89' lang='lat' dir='ltr'>venit</span> <span class='ocrx_word' id='word_1_233' title='bbox 404 3707 515 3752; x_wconf 89' lang='lat' dir='ltr'>coram</span> <span class='ocrx_word' id='word_1_234' title='bbox 536 3684 724 3766; x_wconf 87' lang='lat' dir='ltr'>justiciariis</span> <span class='ocrx_word' id='word_1_235' title='bbox 750 3694 783 3748; x_wconf 91' lang='lat' dir='ltr'>et</span> <span class='ocrx_word' id='word_1_236' title='bbox 811 3703 877 3747; x_wconf 93' lang='lat' dir='ltr'>non</span> <span class='ocrx_word' id='word_1_237' title='bbox 904 3685 1134 3751; x_wconf 87' lang='lat' dir='ltr'>malcereditur</span> <span class='ocrx_word' id='word_1_238' title='bbox 1161 3697 1195 3752; x_wconf 90' lang='lat' dir='ltr'>et</span> <span class='ocrx_word' id='word_1_239' title='bbox 1216 3688 1295 3752; x_wconf 92' lang='lat' dir='ltr'>ideo</span> <span class='ocrx_word' id='word_1_240' title='bbox 1313 3690 1397 3755; x_wconf 92' lang='lat' dir='ltr'>inde</span> 
     </span>
     <span class='ocr_line' id='line_1_31' title="bbox 289 3794 1396 3882; baseline 0.001 -19"><span class='ocrx_word' id='word_1_241' title='bbox 289 3799 411 3882; x_wconf 85' lang='lat' dir='ltr'>quieta.</span> <span class='ocrx_word' id='word_1_242' title='bbox 456 3796 502 3860; x_wconf 92' lang='lat' dir='ltr'>Et</span> <span class='ocrx_word' id='word_1_243' title='bbox 518 3795 682 3859; x_wconf 89' lang='lat' dir='ltr'>Henricus</span> <span class='ocrx_word' id='word_1_244' title='bbox 704 3795 787 3876; x_wconf 84' lang='lat' dir='ltr'>sugit</span> <span class='ocrx_word' id='word_1_245' title='bbox 809 3804 843 3858; x_wconf 92' lang='lat' dir='ltr'>et</span> <span class='ocrx_word' id='word_1_246' title='bbox 865 3794 926 3858; x_wconf 89' lang='lat' dir='ltr'>fuit</span> <span class='ocrx_word' id='word_1_247' title='bbox 949 3796 1108 3860; x_wconf 91' lang='lat' dir='ltr'>itinerans</span> <span class='ocrx_word' id='word_1_248' title='bbox 1131 3805 1166 3861; x_wconf 89' lang='lat' dir='ltr'>et</span> <span class='ocrx_word' id='word_1_249' title='bbox 1189 3798 1266 3862; x_wconf 91' lang='lat' dir='ltr'>ideo</span> <span class='ocrx_word' id='word_1_250' title='bbox 1288 3801 1396 3864; x_wconf 86' lang='lat' dir='ltr'>male·</span> 
     </span>
     <span class='ocr_line' id='line_1_32' title="bbox 287 3905 1396 3987; baseline -0.001 -10"><span class='ocrx_word' id='word_1_251' title='bbox 287 3913 430 3977; x_wconf 90' lang='lat' dir='ltr'>creditur</span> <span class='ocrx_word' id='word_1_252' title='bbox 452 3911 494 3974; x_wconf 92' lang='lat' dir='ltr'>de</span> <span class='ocrx_word' id='word_1_253' title='bbox 522 3915 628 3970; x_wconf 89' lang='lat' dir='ltr'>morte</span> <span class='ocrx_word' id='word_1_254' title='bbox 652 3905 708 3968; x_wconf 88' lang='lat' dir='ltr'>illa</span> <span class='ocrx_word' id='word_1_255' title='bbox 734 3914 768 3968; x_wconf 93' lang='lat' dir='ltr'>et</span> <span class='ocrx_word' id='word_1_256' title='bbox 791 3907 958 3987; x_wconf 89' lang='lat' dir='ltr'>predictus</span> <span class='ocrx_word' id='word_1_257' title='bbox 985 3906 1156 3971; x_wconf 89' lang='lat' dir='ltr'>Robertus</span> <span class='ocrx_word' id='word_1_258' title='bbox 1175 3905 1332 3974; x_wconf 90' lang='lat' dir='ltr'>similiter</span> <span class='ocrx_word' id='word_1_259' title='bbox 1359 3923 1396 3977; x_wconf 89' lang='lat' dir='ltr'>et</span> 
     </span>
     <span class='ocr_line' id='line_1_33' title="bbox 288 4009 1396 4100; baseline 0.001 -14"><span class='ocrx_word' id='word_1_260' title='bbox 288 4025 362 4088; x_wconf 90' lang='lat' dir='ltr'>ideo</span> <span class='ocrx_word' id='word_1_261' title='bbox 378 4021 620 4100; x_wconf 88' lang='lat' dir='ltr'>interrogentur</span> <span class='ocrx_word' id='word_1_262' title='bbox 635 4009 669 4080; x_wconf 90' lang='lat' dir='ltr'>et</span> <span class='ocrx_word' id='word_1_263' title='bbox 681 4015 887 4098; x_wconf 80' lang='lat' dir='ltr'>utlagentur3</span> <span class='ocrx_word' id='word_1_264' title='bbox 910 4025 945 4080; x_wconf 89' lang='lat' dir='ltr'>et</span> <span class='ocrx_word' id='word_1_265' title='bbox 956 4017 1125 4098; x_wconf 89' lang='lat' dir='ltr'>predictus</span> <span class='ocrx_word' id='word_1_266' title='bbox 1138 4017 1313 4084; x_wconf 89' lang='lat' dir='ltr'>Robertus</span> <span class='ocrx_word' id='word_1_267' title='bbox 1328 4021 1396 4088; x_wconf 83' lang='lat' dir='ltr'>suit</span> 
     </span>
     <span class='ocr_line' id='line_1_34' title="bbox 286 4127 1394 4213; baseline -0.002 -14"><span class='ocrx_word' id='word_1_268' title='bbox 286 4135 321 4199; x_wconf 91' lang='lat' dir='ltr'>in</span> <span class='ocrx_word' id='word_1_269' title='bbox 346 4134 457 4197; x_wconf 82' lang='lat' dir='ltr'>franco</span> <span class='ocrx_word' id='word_1_270' title='bbox 481 4129 591 4213; x_wconf 89' lang='lat' dir='ltr'>plegio</span> <span class='ocrx_word' id='word_1_271' title='bbox 615 4131 658 4194; x_wconf 90' lang='lat' dir='ltr'>de</span> <span class='ocrx_word' id='word_1_272' title='bbox 682 4128 775 4210; x_wconf 86' lang='lat' dir='ltr'>Lega</span> <span class='ocrx_word' id='word_1_273' title='bbox 797 4137 831 4191; x_wconf 87' lang='lat' dir='ltr'>et</span> <span class='ocrx_word' id='word_1_274' title='bbox 854 4147 920 4191; x_wconf 92' lang='lat' dir='ltr'>non</span> <span class='ocrx_word' id='word_1_275' title='bbox 942 4127 1131 4194; x_wconf 91' lang='lat' dir='ltr'>habuerunt</span> <span class='ocrx_word' id='word_1_276' title='bbox 1152 4149 1229 4192; x_wconf 87' lang='lat' dir='ltr'>eum</span> <span class='ocrx_word' id='word_1_277' title='bbox 1253 4140 1289 4195; x_wconf 94' lang='lat' dir='ltr'>et</span> <span class='ocrx_word' id='word_1_278' title='bbox 1313 4132 1394 4197; x_wconf 92' lang='lat' dir='ltr'>ideo</span> 
     </span>
     <span class='ocr_line' id='line_1_35' title="bbox 288 4237 992 4308; baseline -0.014 0"><span class='ocrx_word' id='word_1_279' title='bbox 288 4247 320 4308; x_wconf 93' lang='lat' dir='ltr'>in</span> <span class='ocrx_word' id='word_1_280' title='bbox 345 4241 564 4306; x_wconf 89' lang='lat' dir='ltr'>misericordia</span> <span class='ocrx_word' id='word_1_281' title='bbox 580 4248 613 4304; x_wconf 90' lang='lat' dir='ltr'>et</span> <span class='ocrx_word' id='word_1_282' title='bbox 629 4259 695 4302; x_wconf 91' lang='lat' dir='ltr'>non</span> <span class='ocrx_word' id='word_1_283' title='bbox 709 4238 825 4301; x_wconf 90' lang='lat' dir='ltr'>habuit</span> <span class='ocrx_word' id='word_1_284' title='bbox 840 4237 959 4301; x_wconf 81' lang='lat' dir='ltr'>catalla</span> <span class='ocrx_word' id='word_1_285' title='bbox 969 4237 992 4298; x_wconf 82' lang='lat'>⁴.</span> 
     </span>
    </p>
   </div>
   <div class='ocr_carea' id='block_1_6' title="bbox 337 4385 1323 4622">
    <p class='ocr_par' dir='ltr' id='par_1_7' title="bbox 337 4385 1323 4622">
     <span class='ocr_line' id='line_1_36' title="bbox 337 4385 1212 4444; baseline -0.003 -5"><span class='ocrx_word' id='word_1_286' title='bbox 337 4391 375 4422; x_wconf 84' lang='lat'>¹-¹</span> <span class='ocrx_word' id='word_1_287' title='bbox 393 4389 528 4439; x_wconf 81' lang='lat' dir='ltr'>interliued</span> <span class='ocrx_word' id='word_1_288' title='bbox 539 4387 564 4437; x_wconf 91' lang='lat' dir='ltr'>in</span> <span class='ocrx_word' id='word_1_289' title='bbox 575 4389 608 4444; x_wconf 83' lang='grc' dir='ltr'>Α,</span> <span class='ocrx_word' id='word_1_290' title='bbox 619 4387 669 4436; x_wconf 82' lang='lat' dir='ltr'>and</span> <span class='ocrx_word' id='word_1_291' title='bbox 679 4385 722 4436; x_wconf 84' lang='lat' dir='ltr'>the</span> <span class='ocrx_word' id='word_1_292' title='bbox 732 4385 781 4435; x_wconf 82' lang='lat' dir='ltr'>last</span> <span class='ocrx_word' id='word_1_293' title='bbox 792 4391 843 4436; x_wconf 83' lang='lat' dir='ltr'>two</span> <span class='ocrx_word' id='word_1_294' title='bbox 853 4385 936 4436; x_wconf 80' lang='lat' dir='ltr'>words</span> <span class='ocrx_word' id='word_1_295' title='bbox 946 4401 988 4435; x_wconf 82' lang='lat' dir='ltr'>are</span> <span class='ocrx_word' id='word_1_296' title='bbox 1000 4385 1133 4436; x_wconf 84' lang='lat' dir='ltr'>interlined</span> <span class='ocrx_word' id='word_1_297' title='bbox 1144 4387 1171 4436; x_wconf 86' lang='lat' dir='ltr'>in</span> <span class='ocrx_word' id='word_1_298' title='bbox 1182 4387 1212 4436; x_wconf 90' lang='lat' dir='ltr'>B.</span> 
     </span>
     <span class='ocr_line' id='line_1_37' title="bbox 337 4465 1323 4531; baseline -0.001 -11"><span class='ocrx_word' id='word_1_299' title='bbox 337 4471 378 4502; x_wconf 59' lang='grc' dir='ltr'>Μ</span> <span class='ocrx_word' id='word_1_300' title='bbox 394 4473 448 4520; x_wconf 83' lang='lat' dir='ltr'>Not</span> <span class='ocrx_word' id='word_1_301' title='bbox 459 4473 484 4520; x_wconf 90' lang='lat' dir='ltr'>in</span> <span class='ocrx_word' id='word_1_302' title='bbox 496 4471 525 4521; x_wconf 91' lang='lat' dir='ltr'>B.</span> <span class='ocrx_word' id='word_1_303' title='bbox 874 4465 914 4493; x_wconf 58' lang='grc' dir='ltr'>Η</span> <span class='ocrx_word' id='word_1_304' title='bbox 930 4467 1069 4531; x_wconf 80' lang='lat' dir='ltr'>Postsm&#39;pt</span> <span class='ocrx_word' id='word_1_305' title='bbox 1079 4468 1144 4518; x_wconf 85' lang='lat' dir='ltr'>both</span> <span class='ocrx_word' id='word_1_306' title='bbox 1155 4469 1181 4518; x_wconf 86' lang='lat' dir='ltr'>iu</span> <span class='ocrx_word' id='word_1_307' title='bbox 1193 4469 1218 4517; x_wconf 86' lang='grc' dir='ltr'>Α</span> <span class='ocrx_word' id='word_1_308' title='bbox 1230 4468 1282 4518; x_wconf 78' lang='lat' dir='ltr'>and</span> <span class='ocrx_word' id='word_1_309' title='bbox 1293 4471 1323 4520; x_wconf 87' lang='lat' dir='ltr'>B.</span> 
     </span>
     <span class='ocr_line' id='line_1_38' title="bbox 338 4547 1118 4622; baseline -0.008 -19"><span class='ocrx_word' id='word_1_310' title='bbox 338 4555 348 4622; x_wconf 54' lang='grc' dir='ltr'>ξ</span> <span class='ocrx_word' id='word_1_311' title='bbox 363 4553 418 4603; x_wconf 85' lang='lat' dir='ltr'>The</span> <span class='ocrx_word' id='word_1_312' title='bbox 430 4558 512 4616; x_wconf 81' lang='lat' dir='ltr'>report</span> <span class='ocrx_word' id='word_1_313' title='bbox 525 4550 549 4598; x_wconf 93' lang='lat' dir='ltr'>in</span> <span class='ocrx_word' id='word_1_314' title='bbox 562 4551 585 4598; x_wconf 80' lang='lat' dir='ltr'>A</span> <span class='ocrx_word' id='word_1_315' title='bbox 598 4563 683 4612; x_wconf 76' lang='lat' dir='ltr'>agrees</span> <span class='ocrx_word' id='word_1_316' title='bbox 693 4547 867 4611; x_wconf 79' lang='lat' dir='ltr'>substautiaiiy</span> <span class='ocrx_word' id='word_1_317' title='bbox 878 4548 924 4597; x_wconf 88' lang='lat' dir='ltr'>but</span> <span class='ocrx_word' id='word_1_318' title='bbox 935 4555 979 4597; x_wconf 89' lang='lat' dir='ltr'>not</span> <span class='ocrx_word' id='word_1_319' title='bbox 990 4547 1118 4612; x_wconf 82' lang='lat' dir='ltr'>perfeetly.</span> 
     </span>
    </p>
   </div>
   <div class='ocr_carea' id='block_1_7' title="bbox 0 0 1625 5092">
    <p class='ocr_par' dir='ltr' id='par_1_8' title="bbox 0 0 1625 5092">
     <span class='ocr_line' id='line_1_39' title="bbox 0 0 1625 5092; baseline 0 0"><span class='ocrx_word' id='word_1_320' title='bbox 0 0 1625 5092; x_wconf 95' lang='lat' dir='ltr'> </span> 
     </span>
    </p>
   </div>
  </div>
 </body>
</html>
