3234 5072
443 438 504 494 DE
526 439 720 496 COMITAT
722 442 751 498 U
771 443 1066 500 GLOUCESTRIE·
1263 455 1304 523 39

663 705 778 768 [naemu.
796 704 849 766 aa]

545 837 669 903 Villata
689 838 730 902 de
756 838 787 902 T
783 837 973 904 homebirie.

249 996 319 1055 136.
343 990 578 1058 Malefactores
605 1005 766 1060 venerunt
796 998 838 1060 de
869 1005 965 1059 nocte
994 994 1037 1058 ad
1061 994 1198 1058 domum
1219 991 1303 1056 Wil-

201 1079 292 1166 leimi
316 1105 360 1167 de
385 1103 594 1187 Ladderuge‚
621 1116 656 1171 et
685 1107 877 1171 occiderunt
905 1106 1014 1189 ipsum
1037 1105 1245 1170 Willelmum
1268 1115 1303 1170 et

201 1214 286 1278 duos
316 1213 401 1279 filios
431 1225 465 1279 et
495 1227 562 1281 tres
586 1217 670 1282 filias
696 1238 772 1282 suas
798 1228 832 1282 et
859 1238 998 1282 uxorem
1025 1217 1105 1300 ejus,
1133 1227 1167 1282 et
1193 1217 1302 1282 nullus

202 1325 432 1393 malecreditur
444 1350 453 1404 ;
477 1328 712 1412 Englescheria
734 1330 797 1394 fuit
820 1339 1018 1413 presentata.

249 1445 319 1503 137.
343 1439 429 1504 Item
457 1439 685 1507 malefactores
711 1442 903 1506 occiderunt
931 1441 1118 1523 Johannem
1150 1438 1243 1503 Pelte
1267 1447 1300 1502 et

199 1548 367 1631 Julianam
384 1573 524 1616 uxorem
540 1549 631 1634 ejus;
654 1551 798 1618 nescitur
817 1552 874 1635 qui
891 1551 1041 1631 suerunt;
1065 1549 1300 1633 Englescheria
1383 1567 1386 1574 ’

200 1682 267 1726 non
294 1674 346 1729 est
369 1655 559 1747 presentata
584 1677 618 1731 et
643 1666 719 1730 ideo
746 1665 934 1740 murdrum;
960 1662 1017 1728 ¹et
1039 1661 1204 1745 juratores
1226 1678 1368 1744 pre-ffiffi

199 1785 334 1841 sentant
357 1777 637 1860 Englescheriam,
660 1787 695 1842 et
724 1776 864 1843 convicti
886 1786 966 1842 sunt
995 1777 1085 1859 quod
1116 1775 1206 1839 nulla
1236 1774 1298 1839 fuit

198 1899 397 1968 presentata,
417 1900 451 1954 et
473 1890 549 1954 ideo
573 1891 604 1954 in
629 1890 854 1956 misericordia
863 1887 884 1954 ¹.
1312 1901 1385 1967 [mie]

246 2006 316 2064 138.
339 1999 397 2064 Ad
419 2000 578 2083 judicium
596 2003 638 2066 de
660 2002 805 2085 Hugone
826 2001 1000 2067 Smalrede
1021 1999 1077 2081 qui
1097 1998 1185 2063 dixit
1208 1997 1296 2080 quod

199 2109 345 2179 interfuit
374 2113 431 2177 ubi
464 2114 626 2178 Ricardus
661 2117 704 2179 de
734 2113 937 2178 Morlewude
976 2113 1032 2193 qui
1068 2110 1206 2175 obrutus
1236 2108 1299 2174 fuit

198 2226 343 2308 quadam
374 2225 464 2291 furca
490 2227 637 2311 sepultus
661 2229 723 2294 fuit
750 2248 808 2311 per
832 2228 938 2292 visum
969 2224 1140 2290 servientis
1170 2219 1297 2288 domini

200 2337 312 2419 Regis,
330 2349 364 2402 et
384 2349 594 2404 coronatores
612 2349 777 2404 testantur
797 2341 887 2422 quod
908 2338 1017 2403 nullus
1036 2337 1180 2401 serviens
1197 2337 1297 2400 inter-

196 2449 265 2528 fuit,
281 2461 316 2514 et
339 2449 413 2514 ideo
428 2450 542 2516 villata
565 2453 607 2516 de
629 2449 819 2534 Thornbiry
834 2452 868 2515 in
890 2450 1120 2528 misericordia,
1135 2458 1169 2514 et
1192 2449 1294 2531 Hugo
1310 2444 1383 2510 [mia]

196 2561 352 2639 similiter
368 2583 427 2646 pro
449 2562 532 2628 falso
555 2565 645 2629 dicto
668 2585 737 2628 suo.
1308 2575 1382 2640 [mia]

242 2681 311 2739 139.
344 2673 577 2740 Malefactores
613 2676 804 2741 occiderunt
833 2675 1017 2740 Walterum
1048 2675 1091 2737 de
1121 2671 1228 2736 Bosco
1260 2681 1295 2736 et

196 2785 376 2851 Ricardum
401 2789 443 2852 de
467 2788 574 2856 Bosco
600 2798 639 2854 et¹
659 2806 799 2852 uxorem
829 2786 979 2868 ejusdem
1002 2784 1140 2850 Walteri
1167 2794 1201 2848 et
1227 2793 1295 2848 tres

193 2918 314 2980 pueros
339 2919 438 2975 suos3
469 2901 691 2982 nesciturqui
722 2897 862 2963 fuerunt.
894 2898 1101 2979 Burgatores.
1147 2893 1294 2978 ²Engle·

193 3009 320 3077 scheria
343 3032 409 3076 non
432 3023 483 3079 est
506 3019 696 3096 presentata
718 3023 752 3076 et
777 3013 851 3076 ideo
874 3012 1042 3075 murdrum
1054 3007 1076 3073 ².

313 3231 485 3298 Hundred'
507 3233 548 3298 de
567 3235 732 3318 Langlege
756 3233 937 3300 Olwestane
957 3233 997 3296 de
1021 3227 1166 3297 Grumb'.

239 3395 309 3452 140.
333 3388 565 3454 Malefactores
585 3391 777 3454 occiderunt
792 3389 951 3453 Alvinam
974 3389 1109 3452 viduam
1132 3391 1166 3451 in
1189 3388 1291 3451 domo

191 3520 252 3564 sua
284 3502 327 3565 de
358 3510 455 3566 nocte
485 3511 520 3566 et
550 3500 658 3565 nullus
691 3501 931 3578 malecreditur,
955 3501 1034 3583 quia
1060 3499 1204 3564 nescitur
1234 3499 1291 3580 qui
1352 3525 1353 3530 ¹

190 3613 340 3689 suerunt;
379 3613 615 3696 Englescheria
652 3613 715 3680 fuit
750 3623 940 3697 presentata
976 3623 1012 3676 et
1048 3621 1291 3694 presentatores

192 3727 313 3790 mortui
337 3737 423 3791 sunt.

238 3845 307 3901 141.
332 3837 418 3904 Item
436 3837 662 3903 malefactores
685 3837 876 3901 occiderunt
898 3835 1008 3899 Eliam
1024 3833 1129 3898 filium
1147 3831 1290 3897 Isabelle

190 3958 225 4014 et
240 3950 385 4014 nescitur
399 3951 455 4032 qui
472 3949 615 4024 suerunt;
639 3949 747 4013 nullus
768 3949 1008 4013 malecreditur.
1054 3945 1289 4030 Englescheria

189 4072 380 4142 presentata
405 4073 466 4128 est.
513 4063 670 4127 Inventor
693 4061 814 4127 mortui
840 4061 932 4126 venit
967 4069 1002 4125 et
1034 4079 1101 4123 non
1134 4057 1289 4122 malecre-

189 4173 287 4251 ditur,
310 4184 345 4239 et
368 4174 443 4239 ideo
464 4175 605 4257 quietus,
1117 4161 1119 4165 ⁸

220 4359 258 4389 ¹‘¹
275 4361 314 4410 Et
323 4361 492 4426 adjudicium
504 4362 533 4412 de
535 4361 699 4428 juratoribus
709 4362 758 4428 qui
759 4362 829 4427 salso
834 4368 984 4427 ffleseiuiaui
995 4362 1198 4427 Englescimum
1211 4362 1238 4411 B.

220 4441 261 4470 Η
276 4442 455 4507 Euglescluria
465 4443 535 4508 salsa
553 4451 589 4494 esi
602 4451 746 4509 permuta
762 4451 786 4494 ei
803 4445 854 4495 idea
871 4445 1008 4494 murdrum
1028 4452 1052 4496 et
1070 4445 1241 4510 adjudicium
1259 4445 1288 4495 de
1399 4447 1403 4454 '

186 4525 345 4586 juratoribus
355 4525 403 4590 qui
412 4525 456 4575 luat
467 4525 531 4576 idem
539 4534 682 4591 presentant
692 4535 734 4578 etc.
747 4527 775 4579 B.
