3234 5072
423 1001 756 1098 PLACITA
804 1005 1070 1100 CORON
1083 1006 1125 1098 E

217 1221 283 1285 DE
311 1221 567 1290 COMITATU
596 1225 937 1294 GLOUCESTRIE
967 1227 1106 1294 ANNO
1129 1226 1317 1311 QUINTO
1412 1297 1421 1309 ,

573 1362 716 1429 REGIS
757 1363 974 1430 HENRICI.
1433 1313 1436 1322 ἱ

674 1678 790 1768 [memo.
807 1706 863 1770 ια]

522 1815 743 1882 Hundredum
764 1818 804 1914 de
825 1818 865 1882 K
857 1821 1021 1902 ystesiate.

264 1945 461 2011 HENRICUS
484 1960 534 2010 DE
558 1947 677 2012 DRols
699 1957 733 2012 et
756 1947 870 2012 Adam
901 1948 987 2013 filius
1011 1948 1136 2032 Nigelli
1159 1949 1192 2012 in
1225 1950 1322 2014 mise-

222 2057 361 2122 ricordia
385 2079 445 2142 pro
468 2059 594 2124 defalta
603 2059 623 2124 ¹.
668 2059 772 2125 Alibi.
1337 2081 1410 2162 [ᾖ]

268 2181 296 2236 1.
319 2171 508 2236 Willelmus
538 2172 569 2236 le
594 2171 724 2238 Comur
754 2174 796 2238 de
823 2172 944 2238 Swelle
971 2173 1092 2238 occidit
1113 2172 1322 2238 Willelmum

222 2283 501 2348 Molendinarium
525 2283 609 2350 sicut
628 2296 789 2351 venerunt
807 2286 850 2349 de
870 2286 1006 2350 cervisia
1029 2295 1063 2350 et
1082 2285 1190 2368 sugit3
1214 2295 1248 2350 et
1263 2285 1325 2350 suit

222 2397 255 2460 in
278 2397 390 2462 franco
413 2396 525 2480 plegio
540 2396 654 2462 villate
673 2398 715 2462 de
736 2397 850 2463 Suelle
868 2418 908 2462 eo
927 2399 1017 2481 quod
1039 2418 1105 2463 non
1127 2408 1178 2463 est
1198 2399 1244 2463 ibi
1262 2399 1324 2462 nisi

223 2529 289 2572 una
311 2509 469 2586 decerna,
487 2518 521 2573 et
544 2509 620 2574 ideo
634 2509 749 2574 villata
772 2511 804 2573 in
828 2510 1059 2574 misericordia.
1106 2511 1226 2575 Postea
1246 2523 1387 2593 cog-iffi

223 2621 316 2685 novit
330 2618 443 2685 villata
458 2622 549 2703 quod
565 2641 631 2685 non
647 2621 792 2686 iecerunt
807 2631 933 2686 sectam
948 2631 1025 2704 post
1046 2642 1121 2685 eum
1146 2631 1180 2686 et
1200 2622 1275 2686 ideo
1290 2623 1324 2685 in

224 2731 455 2796 misericordia.
489 2731 677 2797 Willelmus
692 2732 861 2814 utlagatus
876 2741 926 2796 est
940 2751 1000 2816 per
1013 2742 1137 2797 sectam
1150 2733 1325 2797 Matillidis
1337 2737 1375 2787 uu

224 2843 338 2908 uxoris
364 2844 443 2926 ejus,
469 2854 503 2909 et
530 2853 661 2908 mortua
691 2853 750 2909 est.
798 2844 928 2910 Catalla
958 2843 1029 2926 ejus
1049 2842 1114 2928 3i¹²¹
1139 2845 1229 2908 unde
1256 2845 1325 2908 En·
1339 2852 1390 2921 siv

224 2953 379 3038 gelardus
408 2957 451 3020 de
478 2954 621 3040 Cigonui
644 2965 724 3022 tunc
744 2957 928 3021 vicecomes
951 2957 1157 3038 respondeat.
1203 2956 1326 3039 Engle-

224 3067 350 3132 scheria
372 3065 455 3132 salso
474 3077 665 3152 presentata
686 3077 746 3147 est,
761 3068 886 3134 scilicet
906 3089 966 3151 per
982 3069 1064 3133 alios
1085 3090 1186 3152 quam
1209 3069 1271 3134 suit
1292 3069 1325 3133 in

224 3179 384 3246 comitatu
401 3190 435 3245 et
450 3180 525 3245 ideo
542 3182 721 3246 murdrum.
1337 3171 1394 3228 ἢ

270 3291 316 3355 Et
338 3291 510 3356 sciendum
531 3294 620 3374 quod
645 3293 678 3356 in
700 3292 763 3358 hoc
786 3293 945 3358 comitatu
969 3293 1070 3358 debet
1089 3293 1327 3378 Englescheria

225 3405 406 3490 presentari
421 3424 482 3488 per
498 3405 582 3470 duos
600 3426 645 3469 ex
664 3414 759 3489 parte
779 3406 882 3488 patris
901 3414 935 3469 et
952 3425 1012 3488 per
1027 3403 1152 3470 unum'
1168 3428 1213 3471 ex
1232 3417 1327 3489 parte

227 3520 350 3584 matris,

272 3638 301 3694 2.
326 3629 514 3695 Rannulsus
528 3629 683 3694 Thurkill
699 3629 826 3695 occisus
841 3629 904 3693 suit
918 3630 1004 3693 sicut
1018 3629 1110 3692 venit
1126 3628 1168 3692 de
1183 3627 1328 3709 quadam

227 3742 364 3808 cervisia
383 3744 426 3807 de
450 3741 561 3807 Stowe
580 3749 614 3806 et
635 3740 750 3804 Adam
771 3740 858 3804 filius
882 3739 1040 3803 Rannulfi
1064 3760 1139 3803 eum
1160 3737 1281 3802 occidit
1296 3747 1330 3803 et

227 3854 333 3938 fugit3
352 3864 386 3919 et
402 3854 464 3918 suit
479 3853 512 3916 in
530 3853 642 3917 franco
657 3852 768 3936 plegio
782 3851 897 3915 villate
912 3852 955 3915 de
970 3849 1090 3915 Swelle
1104 3849 1252 3914 Abbatis
1261 3874 1270 3928 3
1296 3859 1329 3914 et

228 3967 304 4031 ideo
334 3966 368 4030 in
403 3965 643 4044 misericordia;
677 3963 785 4028 nullus
814 3962 898 4026 alius
929 3961 1161 4027 malecreditur
1190 3971 1224 4026 et
1253 3962 1393 4031 ideoffifa

230 4079 448 4161 interrogetur
459 4089 493 4144 et
504 4078 689 4162 utlagetur;
708 4075 798 4140 nulla
809 4075 930 4141 catalla
941 4074 1077 4154 habuit3
1093 4072 1330 4158 Englescheria
1341 4070 1416 4139 nidus

230 4199 282 4256 est
296 4198 497 4275 presentata.

277 4309 306 4366 3.
329 4302 441 4367 Alicia
462 4321 548 4366 uxor
563 4300 703 4366 Roberti
722 4301 764 4365 de
782 4299 928 4365 Harford
949 4297 1130 4382 appellavit
1145 4297 1331 4369 Walterum

231 4415 372 4480 Waihoc
387 4416 431 4479 de
446 4423 553 4480 morte
568 4413 709 4479 Roberti
719 4413 780 4476 viri
795 4413 863 4491 sui;
884 4421 917 4476 et
929 4411 1040 4476 Alicia
1058 4420 1188 4476 mortua
1203 4423 1273 4489 est;
1298 4421 1332 4475 et

365 4569 372 4598 ¹
390 4565 436 4617 See
448 4573 515 4618 note.
891 4563 900 4592 ²
917 4563 1071 4614 Substituted
1082 4563 1121 4612 ior
1132 4563 1198 4614 circos.

194 4657 254 4776 ri
