3234 5072
673 406 854 462 PLACITA
881 405 1046 462 CORONE

733 749 894 814 [tremulo
911 746 998 812 eom]

522 907 640 973 Adhuc
662 907 701 972 de
723 907 905 972 Hundredo
926 907 966 972 de
987 906 1027 971 K
1028 906 1204 990 iftesiate¹.

465 1043 708 1142 Hundredum?
731 1045 770 1109 de
790 1044 956 1128 Holeford
973 1045 1065 1110 etde
1089 1045 1270 1111 Gratestan.

361 1217 411 1272 28.
434 1208 580 1292 Quidam
609 1209 711 1273 homo
741 1210 894 1274 inventus
927 1209 989 1274 suit
1019 1210 1149 1274 occisus
1179 1211 1213 1273 in
1243 1210 1346 1274 bosco
1373 1211 1416 1274 de

318 1318 496 1403 Guttinges
518 1320 777 1403 templariorum.
823 1321 1061 1404 Englescheria
1077 1343 1143 1386 non
1159 1330 1210 1385 est
1225 1330 1418 1405 presentata

317 1440 351 1495 et
366 1434 441 1497 ideo
457 1433 637 1495 murdrum.
684 1431 831 1514 Quidam
848 1433 1088 1509 malecreditur,
1105 1432 1238 1512 scilicet,
1256 1433 1419 1498 Ricardus

317 1543 349 1607 le
368 1543 469 1608 Teler
495 1553 529 1607 et
551 1544 641 1607 venit
657 1552 775 1626 postea
801 1563 911 1608 coram
935 1543 1126 1626 justiciariis
1153 1552 1187 1608 et
1211 1543 1312 1608 finem
1341 1544 1419 1608 iecit

318 1676 378 1738 per
393 1653 435 1729 lm
451 1674 511 1736 pro
530 1675 602 1718 esse
620 1655 681 1718 sub
698 1654 809 1737 plegio
830 1655 948 1737 siquis
974 1654 1072 1732 etc.³;
1096 1654 1197 1738 plegii
1218 1655 1289 1737 ejus
1310 1656 1419 1719 standi

318 1774 408 1832 recto
424 1775 457 1830 et
473 1767 516 1830 de
529 1763 678 1830 denariis
690 1764 896 1849 Reginaldus
912 1767 1071 1848 Magnus,
1085 1766 1253 1831 Robertus
1268 1767 1311 1830 de
1323 1766 1420 1829 Kini·

320 1888 408 1957 tone,
430 1877 597 1942 Walterus
628 1877 744 1951 Faber,
769 1877 937 1941 Robertus
969 1876 1056 1940 filius
1086 1876 1219 1952 Alvine,
1247 1877 1419 1941 Simonem

320 1988 426 2052 filium
464 1989 611 2066 Roberti,
654 1986 848 2052 Gervasium
893 1987 997 2051 filium
1035 1987 1184 2066 Aluredi,
1230 1986 1420 2070 Philippum

321 2101 450 2175 Noreia,
468 2101 647 2184 Hugonem
669 2089 843 2183 Magnum,
859 2100 1045 2166 Walterum
1066 2099 1421 2179 Cocum‚Willelmum

322 2212 495 2292 Waleisce,
513 2213 694 2276 Henricum
710 2211 742 2277 le
758 2211 950 2278 Francelein
967 2222 1001 2277 et
1016 2212 1131 2277 Adam
1152 2212 1296 2277 Militem
1305 2211 1329 2275 ⁴.

369 2331 419 2388 29.
443 2323 589 2407 Quidam
612 2345 695 2407 puer
714 2327 866 2389 inventus
886 2324 948 2388 suit
971 2325 1098 2390 occisus
1121 2325 1155 2389 in
1172 2323 1310 2389 ieinario
1332 2324 1422 2407 apud

325 2435 502 2519 Guttinges
526 2446 560 2501 et
582 2446 689 2501 mater
710 2435 780 2519 ejus
802 2437 880 2502 inde
904 2445 1028 2502 rettata
1051 2437 1114 2503 suit
1138 2445 1172 2502 et
1198 2445 1297 2521 capta
1318 2446 1352 2500 et
1374 2437 1423 2499 in-

324 2549 493 2631 prisonata
507 2569 567 2630 per
582 2547 766 2612 Gerardum
782 2548 825 2612 de
840 2547 955 2628 Athie,
971 2559 1005 2613 et
1021 2550 1169 2614 nescitur
1186 2570 1254 2634 quo
1269 2548 1423 2627 devenit3

200 2688 213 2695 -
325 2659 561 2743 Englescheria
583 2661 734 2724 nonfuit
757 2669 949 2744 presentata
972 2671 1006 2725 et
1030 2661 1106 2726 ideo
1130 2663 1311 2726 murdrum.
1357 2661 1423 2724 Lo-

325 2772 504 2853 quendum.

372 2890 422 2943 30.
446 2882 592 2966 Quidam
617 2883 795 2947 caretarius
818 2882 978 2946 Willelmi
1006 2883 1127 2960 Foliot,
1158 2884 1335 2968 obpressus
1364 2883 1427 2947 suit

327 2993 1428 3076 quadamcareta;nullusmalecreditur3Judicium,—-insortunium3

329 3107 475 3187 precium
490 3113 599 3168 carete
615 3113 649 3168 et
664 3104 740 3186 equi
757 3112 798 3186 5⁸,
815 3106 903 3168 unde
917 3105 1102 3168 vicecomes
1118 3107 1325 3187 respondeat.

375 3223 426 3278 31.
448 3214 633 3279 Edwardus
659 3213 897 3297 Carpuntarius
926 3215 1048 3279 occidit
1072 3215 1255 3280 Henricum
1283 3215 1428 3293 Pincun;

328 3338 362 3392 et
377 3327 481 3409 sugit3
505 3338 538 3390 et
554 3327 614 3389 fuit
629 3327 663 3389 in
677 3325 874 3408 thethinga⁵
889 3325 1003 3390 villate
1018 3327 1062 3390 de
1079 3325 1273 3409 Hallinges3
1297 3336 1331 3391 et
1353 3328 1429 3391 ideo

328 3439 361 3502 in
381 3439 623 3512 misericordia3
647 3437 756 3501 nunus
770 3437 853 3500 auus
870 3421 1123 3516 manendum
1145 3436 1430 3519 ymarum-ex-

363 3667 371 3694 ¹
387 3667 450 3716 This
464 3681 550 3717 means
561 3667 699 3717 ‘Hundred
715 3666 745 3716 oi
758 3666 885 3732 Kistsgate
902 3653 1051 3724 continued,'
1063 3666 1112 3716 and
1128 3681 1202 3731 space
1217 3665 1238 3716 ia
1254 3665 1299 3717 leit
1310 3666 1347 3718 ior
1362 3667 1433 3718 other

329 3756 513 3815 presentments,
523 3750 569 3799 but
579 3749 678 3814 beyond
690 3766 705 3798 a
716 3749 796 3812 single
808 3764 899 3813 proper
909 3763 989 3810 name,
1003 3747 1135 3812 obviously
1145 3764 1160 3798 a
1172 3748 1234 3799 false
1245 3755 1314 3809 start,
1328 3750 1433 3814 nothing

330 3832 376 3881 bas
387 3833 449 3881 been
459 3831 566 3881 written.

363 3913 374 3942 ³
389 3901 523 3972 Hundrfd,
537 3912 649 3986 possibly
659 3912 810 3963 Hundreda.

365 3993 375 4022 ³
392 3997 424 4044 Si
433 3997 491 4060 quis
501 4012 588 4045 versus
599 4011 656 4045 eum
667 3995 737 4059 loqui
747 3995 864 4046 voleurit.

365 4076 375 4106 ⁴
391 4077 473 4126 There
482 4079 504 4128 is
515 4093 530 4126 a
542 4078 637 4142 change
648 4077 677 4126 oi
684 4077 763 4127 hands
774 4078 801 4127 in
811 4077 854 4127 the
865 4076 958 4128 middle
969 4077 999 4127 oi
1006 4076 1056 4127 this
1066 4077 1110 4127 list
1121 4076 1151 4126 oi
1157 4091 1241 4127 names
1252 4078 1301 4127 and
1312 4077 1374 4127 with
1386 4077 1406 4128 it
1418 4093 1434 4126 a

333 4159 429 4222 change
448 4159 512 4207 from
530 4158 682 4208 nominative
702 4167 729 4208 to
748 4158 896 4209 accusative.
931 4159 960 4207 In
977 4158 998 4207 B
1015 4159 1057 4208 the
1074 4173 1160 4208 names
1179 4174 1221 4207 are
1237 4157 1382 4208 introduced
1401 4157 1434 4222 by

334 4249 358 4290 cr
368 4240 467 4288 invenit
477 4239 519 4289 hos
524 4241 625 4304 plegios,
639 4241 688 4289 and
700 4240 760 4304 they
771 4255 813 4290 are
823 4241 981 4291 accusatives.
1004 4241 1035 4289 In
1047 4241 1067 4289 B
1079 4239 1188 4290 Richard
1200 4239 1375 4303 rettatusfhit,
1389 4238 1435 4288 bnt

335 4320 479 4371 afterwards
495 4336 579 4371 comes
595 4322 679 4371 before
697 4321 740 4372 the
753 4320 854 4384 justices
870 4331 893 4372 et
910 4338 959 4372 non
977 4322 1153 4372 rnalccreda'tur
1169 4337 1186 4370 a
1195 4321 1366 4385 juratoribus,
1385 4320 1435 4370 and

336 4419 364 4451 so
381 4402 448 4465 gives
465 4401 507 4450 the
523 4402 667 4453 hals-mark.

367 4483 376 4513 ⁵
384 4485 478 4548 franco
491 4485 567 4548 olenio
578 4484 606 4534 B.
