3238 5092
682 438 838 492 PLACIT
835 437 863 491 A
888 437 911 492 C
913 437 1053 493 ORONE

680 703 804 767 Villata
830 702 1059 768 Theokesbirie.

364 855 424 909 242
438 846 458 910 ¹.
482 847 597 914 Nichil
618 849 733 914 dicunt
756 851 846 932 quod
867 852 1016 932 superius
1035 871 1101 914 non
1121 852 1163 914 sit
1178 851 1305 915 dictum
1316 850 1336 930 ¹,
1354 852 1414 914 nisi

318 959 361 1024 de
374 960 549 1025 latitudine
564 981 747 1044 pannorum
762 983 828 1026 nou
843 972 981 1040 servata,
996 973 1030 1027 et
1046 962 1121 1026 ideo
1137 962 1350 1044 loquendum.

363 1077 436 1133 243.
454 1071 642 1135 Willelmus
658 1071 748 1135 Brun
763 1081 903 1138 rettatus
919 1073 962 1136 de
977 1072 1064 1137 surto
1079 1073 1164 1155 sugit
1179 1074 1212 1135 in
1235 1073 1416 1150 ecclesiam,

317 1191 350 1246 et
370 1193 486 1265 postea
504 1184 607 1247 exivit
627 1204 703 1248 eum
724 1184 871 1266 quodam
891 1183 1030 1248 fardello
1051 1184 1093 1247 de
1108 1185 1228 1267 pannis
1242 1185 1365 1258 iuratis,
1383 1192 1417 1247 et

317 1295 351 1356 in
377 1291 533 1376 fugiendo
560 1305 677 1377 captus
704 1315 780 1358 cum
807 1294 978 1358 latrocinio
1004 1303 1038 1357 et
1065 1293 1187 1359 Comes
1211 1294 1418 1359 Gloucestrie

317 1405 401 1487 petit
422 1405 546 1476 curiam
569 1426 672 1484 suam,
695 1415 728 1469 et
751 1405 853 1470 habet
864 1429 874 1480 3
899 1404 1057 1469 libaretur
1079 1408 1119 1469 ei.

553 1641 672 1705 Adhuc
693 1643 732 1705 de
754 1641 937 1706 Hundredo
963 1641 1192 1706 Theokesbirie.

362 1797 434 1853 244.
458 1787 640 1852 Milisantia
663 1807 747 1850 uxor
772 1787 883 1850 lvonis
905 1787 948 1850 de
965 1786 1103 1851 Clifford
1127 1789 1282 1870 apposuit
1305 1789 1416 1869 ignem

319 1903 352 1964 in
367 1903 467 1964 domo
483 1899 603 1962 Basilie
618 1898 683 1961 filie
699 1895 851 1961 Giliberti
867 1917 927 1980 pro
947 1897 1046 1963 οάἰο2
1060 1901 1151 1980 quod
1172 1898 1288 1964 habuit
1303 1920 1415 1963 versus

316 2013 456 2076 eandem
472 2010 638 2084 Basiliam,
654 2012 701 2073 ita
724 2011 813 2091 quod
836 2011 954 2072 domus
977 2009 1126 2090 ejusdem
1149 2010 1271 2074 Basilis
1294 2019 1327 2074 et
1349 2010 1416 2073 due

316 2122 435 2187 domus
453 2123 606 2205 proxime
627 2121 800 2183 combuste
821 2128 907 2198 sunt,
926 2128 959 2183 et
978 2119 1063 2202 sugit
1073 2144 1082 2195 ;
1111 2130 1145 2184 et
1165 2120 1417 2198 malecreditur;

319 2233 379 2297 Ivo
391 2235 441 2297 vir
458 2253 536 2295 suus
550 2234 640 2294 venit
661 2241 695 2295 et
713 2232 792 2294 dicit
811 2232 902 2312 quod
922 2240 1000 2294 tunc
1022 2230 1083 2294 suit
1102 2251 1212 2295 coram
1229 2231 1419 2313 justiciariis

316 2345 407 2426 apud
433 2342 673 2406 Gloucestriam
695 2343 830 2423 quando
856 2340 919 2404 hoc
945 2340 1070 2407 sactum
1097 2341 1168 2416 fuit,
1192 2353 1226 2416 et
1254 2343 1418 2424 juratores

149 2472 183 2521 ad
192 2470 237 2534 jud
317 2455 381 2518 hoc
397 2455 485 2517 idern
501 2453 623 2526 dicunt,
640 2463 674 2516 et
689 2452 764 2515 ideo
779 2453 822 2516 ad
839 2451 999 2533 judicium
1014 2453 1092 2535 quid
1109 2453 1186 2516 inde
1201 2453 1270 2517 fieri
1286 2455 1417 2528 debeat,

150 2605 220 2648 trans
319 2567 396 2649 quia
417 2566 579 2648 juratores
594 2565 721 2646 precise
737 2564 853 2628 dicunt
867 2565 958 2645 quod
976 2564 1048 2645 ipsa
1063 2566 1110 2628 ita
1125 2567 1283 2647 apposuit
1298 2567 1419 2646 ignem.

152 2695 245 2760 [custo.
323 2678 370 2740 Et
392 2675 492 2740 ide0³
515 2676 758 2740 consideratum
786 2685 837 2739 est
862 2677 952 2757 quod
978 2676 1066 2738 idem
1091 2677 1151 2739 Ivo
1177 2677 1381 2741 custodiatur
1393 2674 1420 2737 ⁴.

151 2758 245 2902 pptur]
322 2789 439 2852 Finem
469 2786 546 2851 lecit
575 2805 635 2869 per
665 2784 707 2862 lm
736 2805 795 2868 per
829 2787 976 2868 plegium
1006 2785 1146 2851 Walteri
1183 2789 1226 2852 de
1264 2786 1422 2851 Clifforde

321 2900 477 2974 Abbatis,
512 2898 585 2961 Elie
622 2898 665 2961 de
701 2897 897 2978 Wynecote‚
936 2897 1093 2962 Willelmi
1131 2899 1174 2962 de
1211 2897 1350 2964 Alscote
1388 2910 1422 2964 et

320 3010 478 3074 Willelmi
505 3010 562 3072 filii
586 3009 697 3073 lvonis
723 3008 765 3072 de
783 3007 968 3083 Derhurst3
1000 3010 1088 3072 idem
1112 3019 1188 3073 suut
1209 3009 1308 3093 plegii
1332 3010 1421 3092 qnod

321 3122 458 3187 habebit
475 3140 614 3185 uxorem
630 3140 725 3184 suam
740 3120 768 3183 si
784 3140 858 3183 eam
873 3121 1042 3186 invenerit.

609 3365 830 3431 Hundredum
851 3368 891 3430 de
914 3366 1137 3433 Cz'rencestria.

367 3521 438 3576 245.
463 3511 692 3577 Malefactores
718 3513 907 3578 occiderunt
935 3513 1064 3578 Geuam
1088 3515 1131 3579 de
1158 3515 1354 3579 Pendebiria
1380 3515 1423 3580 de

322 3635 421 3689 nocte
435 3625 468 3688 in
484 3625 585 3689 domo
602 3646 670 3700 sua,
684 3634 718 3688 et
731 3625 895 3688 Henricus
910 3625 995 3689 filius
1012 3625 1202 3690 Sacerdotis
1218 3626 1261 3689 de
1276 3626 1425 3690 Duntes·

322 3736 425 3800 borne
448 3746 482 3799 et
501 3735 688 3800 Willelmus
711 3736 797 3800 filius
820 3736 964 3819 Philippi
989 3737 1070 3820 Map
1094 3748 1128 3802 et
1152 3738 1315 3802 Ricardus
1339 3737 1424 3801 filius

154 3863 268 3930 deprisis
323 3846 472 3912 Bertram
498 3848 609 3912 rettati
630 3846 760 3911 fuerunt
786 3847 829 3911 de
854 3858 960 3912 morte
986 3849 1044 3912 illa
1051 3872 1061 3924 3
1092 3849 1258 3913 Henricus
1282 3849 1366 3913 obiit
1390 3860 1426 3913 et

322 3957 508 4021 Willelmus
538 3966 573 4021 et
600 3958 762 4023 Ricardus
792 3959 880 4040 capti
913 3959 1045 4024 fuerunt
1074 3970 1109 4024 et
1138 3961 1334 4042 inprisonati
1365 3979 1425 4042 per

354 4109 393 4140 ¹⁸¹
403 4111 539 4175 juratores
550 4111 633 4160 nichil
638 4111 715 4160 aliud
722 4111 812 4160 dicunt
818 4127 894 4176 quam
906 4112 970 4182 alibi
977 4112 1071 4161 dictum
1082 4129 1132 4162 non
1143 4113 1179 4161 sii
1186 4113 1214 4162 de
1218 4111 1277 4177 jur'
1289 4112 1318 4162 de
1329 4112 1425 4160 hundr’

322 4193 351 4243 de
356 4191 461 4256 placitis
471 4207 556 4242 corone
567 4191 597 4244 B.

355 4273 365 4302 ⁹
377 4281 425 4337 per
435 4274 538 4322 hodium
552 4275 580 4323 B.

356 4354 366 4382 ³
384 4355 484 4404 Instead
501 4355 530 4404 os
544 4356 596 4405 idco
608 4357 629 4405 B
639 4356 685 4405 has
695 4364 719 4406 ct
729 4357 792 4421 quia
806 4357 857 4420 ipse
868 4358 914 4406 Ivo
924 4359 1037 4420 cognovit
1052 4360 1120 4423 quod
1134 4359 1188 4422 ipsa
1202 4359 1297 4408 Milirs.
1308 4365 1344 4408 est
1360 4373 1428 4407 uxor

325 4437 381 4502 ejus
391 4443 414 4485 et
425 4438 476 4501 ipse
486 4437 553 4486 debet
562 4455 616 4488 eam
628 4439 717 4489 habere
727 4439 763 4487 ad
770 4439 889 4488 standum
901 4447 963 4488 recto
973 4441 1039 4489 sicut
1046 4441 1161 4504 seipsum.

360 4518 368 4548 ¹
385 4519 543 4569 custodiatur
552 4520 574 4569 is
587 4521 612 4569 in
624 4521 686 4569 both
698 4521 759 4570 rolls
771 4521 855 4570 struck
868 4521 990 4585 through;
1009 4523 1054 4572 lvo
1065 4523 1152 4573 makes
1164 4522 1219 4572 fine.
