3238 5092
289 480 292 488 ,
353 415 413 478 116
709 423 892 479 PLACITA
918 422 1086 480 CORONE

178 609 211 659 ad
217 609 263 672 jud
393 595 466 652 501.
484 582 542 675 [Β]
567 587 727 652 Latitudo
746 608 935 670 pannorum,
952 610 1020 653 non
1040 598 1092 653 est
1112 597 1242 653 servata
1263 599 1298 654 ct
1318 591 1393 656 ideo
1409 591 1454 655 ad

343 697 505 782 judicium
533 708 567 764 et
592 709 786 784 preceptum
819 710 869 765 est
895 700 1026 765 ballivis
1050 700 1140 784 quod
1171 702 1214 766 de
1243 711 1353 766 cetero
1379 723 1455 766 cus·

346 813 496 876 todiatur
509 811 614 876 assisa
628 811 823 876 latitudinis.

391 931 463 987 502.
481 918 541 1010 [B]
572 925 625 988 De
655 923 748 987 novis
780 923 1074 990 consuetudinibus
1107 925 1223 990 dicunt
1252 925 1342 1007 quod
1371 945 1452 988 con-

344 1035 517 1100 stabularii
541 1035 677 1117 capiunt
696 1037 739 1100 de
761 1035 912 1118 quolibet
934 1034 1022 1100 lasto
1046 1036 1201 1101 allecium
1231 1045 1262 1101 α·
1285 1036 1339 1100 vel
1365 1035 1452 1100 sicut

345 1157 544 1212 mercatores
574 1146 675 1210 finem
704 1158 844 1230 possunt
873 1146 981 1212 lacere
1011 1159 1045 1213 et
1074 1147 1228 1214 solebant
1256 1147 1379 1212 habere
1404 1145 1451 1224 ¹4

345 1279 470 1324 messas
490 1275 508 1323 2
530 1257 659 1323 minus¹
679 1279 780 1342 quam
801 1258 857 1323 alii
880 1269 1068 1343 emptores;
1090 1269 1125 1324 et
1144 1258 1208 1324 hoc
1231 1258 1317 1324 bene
1339 1258 1450 1324 adhuc

343 1373 529 1437 concedunt
558 1383 592 1437 et
620 1371 684 1436 hoc
710 1369 858 1435 levatum
888 1370 950 1435 suit
980 1380 1057 1455 post
1086 1381 1219 1455 tempus
1243 1370 1375 1436 Girardi
1405 1370 1450 1434 de

343 1482 466 1547 Athies
482 1493 516 1548 et
532 1483 609 1547 ideo
625 1484 830 1549 emendetur.

388 1602 461 1659 503.
479 1589 539 1684 [B]
564 1595 651 1660 Item
689 1597 722 1659 in
752 1595 832 1659 feria
866 1594 1003 1659 Domini
1036 1594 1140 1678 Regis
1177 1595 1219 1659 ad
1250 1595 1373 1660 festum
1412 1595 1449 1660 S.

344 1705 517 1771 Michaelis
546 1709 574 1770 si
597 1708 673 1771 lana
703 1707 790 1771 corei
820 1717 855 1772 et
884 1706 1007 1772 serrum
1037 1717 1071 1772 et
1093 1708 1212 1790 wayda
1234 1707 1373 1772 veniunt
1402 1707 1447 1771 ad

341 1817 456 1882 leriam
478 1829 677 1884 mercatores
696 1817 850 1882 solebant
865 1819 1008 1883 vendere
1030 1817 1123 1898 illa4
1145 1819 1322 1884 mercanda
1339 1817 1449 1883 ’infra

340 1929 453 1993 villam
469 1949 563 1994 suam
587 1951 627 1994 eo
648 1931 737 2012 quod
761 1931 832 1994 sine
855 1950 977 2012 magno
997 1938 1093 1995 custu
1112 1939 1145 1994 et
1165 1929 1358 2014 gravamine
1378 1950 1447 1993 non

340 2049 520 2126 potuerunt
543 2042 599 2106 illa
620 2042 744 2107 cariare
765 2042 799 2104 in
814 2041 939 2106 leriam.
986 2040 1047 2106 Set
1062 2051 1140 2125 post
1154 2051 1288 2124 tempus
1304 2041 1447 2106 Roberti

340 2152 384 2216 de
400 2153 552 2236 Roppele
567 2153 675 2217 nullus
690 2153 736 2217 ibi
753 2153 896 2218 vendere
911 2162 1023 2235 potest
1036 2152 1227 2236 hujusmodi
1246 2152 1448 2218 mercanda²

339 2265 403 2329 nisi
425 2265 526 2328 finem
549 2264 663 2329 lecerit
685 2264 804 2349 aliquis
826 2263 995 2348 per1lib.
1019 2264 1166 2350 piperis³
1190 2274 1224 2329 et
1246 2264 1365 2348 aliquis
1386 2285 1447 2347 per

339 2376 414 2460 plus
430 2385 464 2442 et
478 2388 597 2460 petunt
612 2378 675 2442 sibi
690 2376 754 2442 hoc
769 2377 938 2442 emendari
950 2375 972 2442 ⁴.

799 2617 916 2680 [Memb.
934 2615 990 2678 20.]

385 2758 479 2821 504⁵.
501 2759 719 2824 Veredictum
743 2761 785 2825 de
810 2760 992 2825 Radeclive
1020 2769 1155 2843 captum
1186 2761 1275 2844 apud
1306 2759 1445 2824 Bristol-

337 2871 417 2936 liam
455 2891 551 2953 prece
589 2872 810 2954 Burgensium
844 2874 887 2937 de
921 2871 1103 2936 Radeclive
1140 2893 1215 2936 cum
1252 2873 1445 2937 hominibus

337 2980 605 3063 Templariorum
630 2983 663 3045 in
688 2981 878 3047 Radeclive.

382 3093 549 3157 Homines
568 3091 836 3175 Templariorum
860 3093 894 3155 in
914 3094 1137 3158 misericordia
1160 3095 1237 3176 quia
1258 3095 1365 3178 primo
1386 3094 1444 3158 die

338 3224 404 3267 non
425 3213 586 3267 venerunt
609 3204 807 3285 respondere
834 3224 909 3267 cum
933 3205 1159 3288 Burgensibus
1184 3205 1228 3269 de
1251 3205 1442 3270 Radeclive.

337 3315 384 3379 Et
398 3315 569 3380 sciendum
589 3316 678 3398 quod
696 3316 784 3379 idem
804 3315 956 3379 homines
976 3317 1135 3382 dixerunt
1150 3317 1240 3400 quod
1256 3316 1444 3381 debuerunt

335 3428 535 3511 respondere
564 3447 623 3509 per
645 3448 701 3504 se3
734 3437 785 3490 set
808 3429 1012 3510 recognitum
1042 3437 1094 3492 est
1116 3428 1207 3511 quod
1236 3449 1303 3493 non
1333 3429 1442 3495 solent

334 3540 382 3605 ita
415 3541 614 3622 respondere
649 3559 709 3622 per
738 3559 774 3602 se
804 3551 855 3604 set
889 3560 965 3603 cum
1000 3539 1073 3604 aliis
1106 3551 1140 3606 et
1174 3541 1251 3605 ideo
1285 3541 1442 3607 decetero

334 3652 558 3734 respondeant
581 3670 656 3714 cum
687 3650 760 3712 aliis
782 3649 834 3713 vel
864 3652 954 3733 apud
980 3651 1183 3715 Bristolliam
1205 3651 1258 3716 vel
1288 3651 1322 3714 in
1354 3671 1441 3716 com.

337 3761 517 3827 Sumerset.
541 3762 584 3825 ad
611 3760 819 3825 voluntatem
846 3760 972 3824 domini
1000 3761 1112 3844 Regis.
1158 3762 1279 3827 Postea
1302 3763 1443 3828 veniunt

367 4021 406 4050 ¹·¹
424 4037 440 4085 4
453 4035 530 4070 mesas
544 4034 556 4068 n
568 4001 650 4069 dena-i
660 4019 746 4068 minus
758 4019 789 4069 Α.
1134 4019 1144 4048 ¹
1162 4019 1328 4070 mrcande'sas
1341 4021 1373 4070 Α.

317 4159 322 4168 Ι
366 4102 377 4131 ’
394 4102 480 4166 Partly
490 4100 603 4165 illegible
614 4101 639 4149 in
651 4101 678 4162 B,
691 4100 807 4165 supplied
819 4101 882 4151 from
894 4101 926 4152 A.

367 4185 377 4214 ⁴
393 4185 501 4248 Bagain
516 4189 614 4248 repeats
627 4183 677 4247 480
689 4182 794 4244 (Bristol
810 4182 876 4232 fined
885 4184 961 4246 15¹³);
979 4183 1029 4233 and
1040 4183 1101 4234 then
1111 4183 1159 4234 hus
1173 4189 1244 4248 entry
1256 4183 1286 4233 oi
1294 4181 1342 4233 fine
1354 4182 1438 4247 (100¹)

334 4267 394 4332 prid
406 4267 439 4330 by
453 4266 539 4330 Henry
552 4263 675 4315 Piterielre
681 4270 730 4329 pro
740 4279 788 4314 esse
798 4264 844 4314 sub
854 4265 964 4314 eustadio
975 4265 1138 4315 adstantium
1149 4271 1225 4315 recto:
1242 4280 1283 4315 see
1291 4279 1348 4329 435.

366 4347 377 4377 ⁸
392 4349 422 4398 Iu
431 4349 455 4396 Α
465 4353 521 4413 part
529 4347 632 4397 otwhat
640 4345 740 4397 follows
751 4362 803 4396 was
811 4346 960 4412 apparently
968 4346 1066 4396 written
1078 4348 1103 4396 in
1115 4364 1131 4398 ι
1141 4363 1198 4412 very
1206 4347 1324 4412 cramped
1335 4361 1440 4398 manner

333 4435 359 4483 at
371 4430 414 4481 the
425 4430 480 4479 ioot
496 4427 526 4478 ol
538 4428 630 4479 memb.
642 4440 672 4493 19
683 4427 758 4487 dors,
772 4428 821 4478 and
833 4428 892 4478 then
906 4427 995 4494 copied
1008 4436 1053 4480 out
1064 4428 1138 4496 fairly
1149 4445 1181 4479 on
1193 4445 1208 4478 n
1220 4435 1335 4494 separate
1348 4429 1399 4496 slip
1411 4430 1441 4480 ol

332 4511 478 4582 parchment
492 4510 594 4574 (memb.
610 4513 651 4573 ro)
665 4525 679 4558 a
691 4509 738 4561 lew
751 4509 834 4559 inches
844 4508 912 4575 long.
