3238 5092
307 413 349 476 90
667 403 824 459 PLACIT
822 405 849 459 Α
876 404 1041 461 CORONE

304 566 394 633 dixit
417 567 507 648 quod
526 566 630 649 jacuit
659 567 692 630 in
715 569 860 649 quadam
879 568 945 631 alia
968 587 1098 632 camera
1119 587 1195 632 curn
1215 589 1322 652 puero
1345 589 1405 633 suo

305 687 421 759 egroto
445 673 567 764 [postea
591 677 697 741 Lucia
724 680 813 743 venit
834 688 866 742 et
888 679 949 742 dat
974 673 1030 765 am]
1055 688 1092 743 ut
1118 679 1223 762 possit
1248 699 1321 744 esse
1345 679 1406 743 sub

305 788 427 872 plegio¹

352 906 425 961 380.
443 895 501 987 [B]
525 899 714 965 Willelmus
751 901 845 983 King
878 902 999 966 occidit
1030 901 1212 965 Ricardum
1247 900 1340 984 King
1373 907 1407 963 et

305 1011 411 1093 sugit3
433 1010 541 1075 nullus
564 1011 648 1075 alius
672 1011 904 1076 malecreditur
922 1021 955 1076 et
977 1013 1052 1076 ideo
1074 1013 1228 1095 exigatur
1247 1021 1281 1075 et
1296 1010 1358 1075 luit
1374 1012 1407 1073 in

307 1121 420 1186 franco
449 1121 559 1204 plegio
589 1123 632 1186 de
664 1121 900 1187 Hochamtone
930 1133 963 1188 et
994 1124 1069 1186 ideo
1100 1123 1133 1186 in
1164 1123 1406 1210 misericordia3

308 1232 428 1298 catalla
463 1231 622 1296 Willelmi
652 1231 783 1298 suerunt
817 1243 868 1314 15⁸
898 1235 986 1300 unde
1017 1232 1171 1317 Ingelard
1201 1233 1244 1298 de
1276 1231 1408 1315 Ciguny

308 1343 518 1428 respondeat.

354 1462 426 1517 381.
442 1449 502 1541 [Β]
521 1454 691 1518 Robertus
701 1455 745 1520 de
758 1454 898 1521 Hatield
914 1455 1051 1522 obrutus
1062 1455 1096 1519 in
1108 1455 1252 1538 quadam
1269 1454 1409 1518 marlera

308 1567 356 1631 ita
378 1567 467 1648 quod
498 1564 601 1643 obiit3
628 1565 737 1630 nullus
767 1568 1018 1647 malecreditur;
1051 1565 1408 1654 judicium-infortu-

309 1679 421 1756 nium;
445 1685 496 1740 set
521 1685 624 1758 quum
645 1677 794 1759 sepultus
816 1679 877 1743 suit
901 1680 972 1743 sine
997 1679 1068 1743 visu
1093 1662 1264 1742 servientis
1291 1684 1325 1740 et
1348 1676 1408 1739 vil-

309 1788 378 1853 lata
393 1789 436 1852 de
453 1788 688 1853 Hochamtone
708 1788 772 1854 hoc
787 1789 937 1872 permisit
952 1789 1068 1855 villata
1087 1790 1158 1873 ipsa
1178 1790 1221 1853 de
1239 1787 1409 1858 Hocham·

308 1908 388 1963 tone
406 1900 439 1961 in
455 1899 684 1964 misericordia.

356 2018 428 2074 382.
441 2005 499 2096 [B]
523 2009 677 2092 Quedam
690 2030 816 2093 pauper
831 2011 1022 2077 muliercula
1033 2012 1167 2076 inventa
1182 2009 1244 2075 fuit
1260 2010 1294 2073 in
1308 2009 1409 2074 domo

312 2143 371 2187 sua
398 2121 541 2186 nescitur
567 2123 622 2202 qui
650 2122 782 2186 luerunt
806 2123 966 2188 occisores
990 2133 1023 2188 et
1048 2125 1120 2206 ipsa
1143 2122 1215 2186 sola
1238 2121 1311 2197 luit,
1334 2120 1410 2183 ideo

312 2233 421 2309 nichil,
438 2243 471 2296 et
483 2233 645 2315 juratores
663 2235 828 2298 neminem
844 2235 921 2299 inde
936 2235 1172 2300 malecredunt.

357 2353 428 2407 383.
442 2340 501 2430 [Β]
520 2344 751 2410 Malefactores
763 2357 924 2411 venerunt
935 2355 1033 2411 noctu
1049 2347 1092 2411 ad
1104 2348 1241 2410 domum
1252 2341 1411 2406 Willelmi

313 2458 356 2521 de
373 2455 476 2519 Hulle
492 2467 526 2520 et
544 2457 615 2539 ipse
629 2456 818 2521 Willelmus
840 2477 879 2521 ea
900 2468 997 2522 nocte
1013 2458 1116 2521 evasit
1131 2459 1202 2540 ipse
1223 2466 1257 2520 et
1273 2453 1412 2519 Matillis

314 2558 400 2631 uxor
426 2567 496 2649 ejus
524 2576 557 2631 et
584 2567 776 2632 levaverunt
802 2569 991 2632 clamorem.
1037 2567 1269 2633 Malesactores
1298 2575 1412 2630 autem

313 2679 461 2744 exterriti
492 2679 706 2744 incenderunt
723 2681 873 2743 -domum
900 2688 934 2743 et
960 2681 993 2743 in
1020 2701 1060 2744 ea
1086 2680 1259 2743 combuste
1282 2677 1414 2741 fuenmt

314 2800 422 2853 mater
443 2789 591 2870 ejusdem
625 2788 783 2853 Willelmi
814 2799 847 2854 et
877 2790 1020 2854 Alditha
1042 2790 1111 2854 filia
1140 2811 1200 2854 sua
1229 2799 1263 2853 et
1291 2789 1414 2851 Emma

314 2911 422 2964 mater
433 2901 545 2964 uxoris
558 2901 659 2984 ipsius
670 2900 829 2963 Willelmi
841 2911 875 2965 et
885 2903 951 2965 duo
960 2901 1141 2983 garciones.
1183 2900 1229 2964 Et
1245 2900 1413 2963 Robertus

314 3012 357 3075 de
374 3011 530 3075 Hattleld
545 3012 602 3093 qui
617 3020 735 3094 postea
749 3012 832 3076 obiit
849 3012 1029 3094 appellavit
1046 3012 1226 3076 Ricardum
1247 3012 1290 3074 de
1305 3010 1414 3073 Fonte

146 3149 202 3212 Loq
211 3146 278 3212 apud
315 3123 371 3204 qui
399 3133 512 3188 manet
542 3123 631 3204 apud
660 3121 838 3188 Hatthleld
866 3124 899 3186 in
926 3124 1087 3189 comitatu
1116 3123 1322 3187 Herefordie.
1368 3122 1414 3185 Et

145 3212 280 3328 {effic
315 3234 482 3296 Robertus
504 3233 537 3297 le
558 3232 699 3297 Archier
718 3234 761 3298 de
783 3235 943 3299 comitatu
961 3229 1130 3317 Wigornie
1153 3243 1270 3317 captus
1295 3232 1357 3296 luit
1379 3240 1415 3295 et

147 3343 302 3472 {fflfflem
314 3347 534 3429 inprisonatus
555 3355 590 3410 et
609 3347 761 3430 purgavit
782 3369 817 3411 se
837 3368 896 3431 per
906 3348 1067 3430 judicium
1085 3367 1170 3430 aque
1189 3366 1300 3411 coram
1319 3344 1415 3407 Hen-

147 3473 252 3537 pellavit
315 3459 381 3524 rico
398 3459 440 3522 de
455 3458 523 3522 Ver
537 3467 570 3522 et
586 3459 682 3522 sociis
706 3459 772 3522 suis
791 3469 825 3522 et
843 3468 960 3542 postea
980 3459 1106 3524 invenit
1125 3458 1253 3541 plegios
1273 3476 1415 3539 quorum

315 3570 450 3635 nomina
475 3569 639 3634 habentur
664 3570 697 3632 in
724 3571 840 3634 rotulis
873 3581 1113 3635 coronatorum.
1137 3643 1139 3648 ,
1159 3570 1206 3633 Et
1227 3568 1417 3632 Willelmus

315 3683 358 3746 de
374 3681 480 3745 Hulle
502 3689 651 3744 mortuus
674 3689 725 3744 est
748 3690 782 3745 et
805 3681 877 3764 ipsa
900 3681 1041 3745 Matillis
1063 3681 1219 3764 languida
1240 3688 1344 3744 estet
1364 3687 1415 3742 at·

316 3793 465 3858 tachiata
487 3791 549 3855 luit
571 3792 725 3855 veniendi
752 3812 864 3857 coram
883 3792 1073 3874 justiciariis
1095 3811 1154 3875 per
1181 3791 1353 3872 Rogerum
1374 3789 1418 3853 de

317 3904 466 3988 Langele
489 3906 532 3969 de
557 3902 838 3986 Bremlesbergwe
864 3914 898 3969 et
924 3912 1031 3968 totam
1056 3905 1240 3968 decennam
1263 3921 1358 3965 suam
1383 3909 1417 3964 et

316 4016 392 4079 ideo
407 4017 440 4078 in
457 4014 687 4079 misericordia.

362 4133 434 4190 384.
449 4121 508 4213 [Β]
534 4125 686 4207 Rogerus
701 4126 744 4189 de
756 4125 937 4208 Pantelege
948 4124 1152 4202 'attachiatus
1168 4144 1228 4206 per
1242 4123 1418 4187 vicecomi-

316 4246 385 4301 tem
402 4236 463 4300 iuit
479 4238 624 4318 eoquod
641 4246 781 4302 rettatus
795 4236 857 4300 suit
875 4238 918 4301 de
934 4237 1062 4301 roberia
1078 4245 1111 4301 et
1129 4235 1282 4318 burgeria
1298 4235 1421 4315 etipse

316 4349 407 4412 venit
430 4368 541 4411 coram
553 4347 742 4429 justiciariis
763 4356 797 4411 et
817 4348 911 4431 ponit
928 4369 964 4412 se
987 4349 1020 4411 in
1040 4347 1245 4412 veredictum
1271 4361 1309 4410 12
1329 4343 1420 4426 jura-

317 4467 428 4521 torum
452 4458 494 4540 de
515 4458 604 4522 bono
625 4467 658 4523 et
679 4461 722 4524 de
743 4459 840 4523 malo.
877 4459 932 4554 ¹Et
952 4477 990 4524 12
1004 4458 1168 4542 juratores
1191 4458 1308 4522 dicunt
1326 4456 1419 4536 quod
