3234 5072
348 408 390 494 36
709 416 891 470 PLACITA
918 416 1084 471 CORONE

343 580 427 643 obiit
442 589 477 643 et
494 580 597 663 Hugo
613 579 713 644 frater
728 580 830 663 ipsius
854 580 1000 645 Simonis
1016 579 1197 664 appellavit
1211 583 1254 645 de
1270 590 1377 645 morte
1392 581 1448 646 ilia

345 689 544 754 Godwinum
560 691 602 755 de
614 691 724 754 Wika.
769 692 816 757 Et
832 691 1012 756 Godwinus
1027 701 1144 774 captus
1160 691 1220 755 suit
1236 703 1270 757 et
1282 693 1444 776 inprison-

345 811 420 865 atus
435 812 469 867 et
484 803 638 866 dimissus
659 823 720 885 per
741 803 908 886 plevinam
931 805 1079 868 decenne
1097 805 1141 867 de
1156 803 1270 886 Wyka
1285 814 1319 868 et
1333 804 1447 868 villate

346 923 380 977 et
395 934 471 976 eum
487 934 553 978 non
568 913 756 979 habuerunt
773 924 807 979 et
823 915 898 979 ideo
914 915 947 978 in
960 915 1191 980 misericordia.
1229 915 1275 979 Et
1283 915 1446 997 juratores

345 1026 460 1089 dicunt
482 1027 572 1108 quod
596 1047 663 1090 non
685 1036 736 1091 est
759 1026 931 1110 culpabilis
954 1027 1063 1090 dictus
1080 1027 1259 1091 Godwinus
1275 1037 1326 1091 set
1343 1027 1446 1110 Hugo

344 1138 435 1203 venit
454 1147 487 1202 et
506 1139 715 1221 prosequitur
735 1139 905 1221 appellum
928 1148 962 1203 et
976 1138 1047 1203 vult
1069 1141 1163 1220 sequi
1185 1138 1227 1202 ad
1251 1139 1445 1203 comitatum

343 1258 378 1312 et
400 1250 476 1313 ideo
499 1251 625 1315 dictum
649 1260 699 1315 est
722 1250 751 1315 ei
774 1251 864 1334 quod
892 1261 1051 1333 sequatur
1073 1252 1100 1314 si
1122 1250 1270 1314 voluerit.
1321 1249 1445 1334 Engle-

343 1360 470 1426 scheria
488 1362 626 1426 Walteri
648 1362 710 1428 suit
731 1372 922 1446 presentata
943 1373 977 1428 et
998 1384 1064 1427 non
1081 1361 1248 1428 Simonis¹
1271 1363 1349 1445 quia
1365 1362 1444 1426 alibi

342 1471 445 1538 obiit1
460 1475 538 1556 quia
560 1474 679 1540 Simon
701 1495 767 1539 non
790 1474 851 1539 suit
873 1477 916 1539 de
934 1474 990 1539 illa
1009 1475 1088 1539 vilia
1111 1496 1171 1539 nec
1195 1475 1239 1538 ibi
1262 1476 1388 1539 occisus
1410 1485 1444 1539 et

341 1584 417 1649 ideo
436 1587 618 1667 inquiratur
633 1587 667 1649 in
684 1587 850 1652 Bennitre.

385 1696 551 1761 Waltems
566 1695 656 1761 dela
672 1696 777 1762 Herst
792 1698 1025 1761 malecreditur
1038 1700 1081 1763 de
1097 1699 1215 1763 eadem
1233 1707 1339 1762 morte
1351 1719 1442 1763 com·

341 1809 460 1870 missus
482 1808 543 1872 suit
565 1809 712 1872 decenne
743 1809 843 1872 totius
866 1808 979 1872 villate
1002 1809 1045 1873 de
1069 1809 1186 1891 Hyate
1210 1810 1244 1872 in
1269 1809 1443 1874 hundredo

340 1920 383 1983 de
396 1917 572 2002 Hambiria
588 1929 621 1984 et
636 1938 703 1982 non
718 1917 904 1984 habuerunt
916 1939 992 1983 eum
1009 1929 1044 1983 et
1056 1921 1132 1985 ideo
1149 1921 1182 1983 in
1198 1920 1439 1997 misericordia3

339 2039 373 2093 et
384 2030 550 2112 jordanus
565 2031 608 2094 de
622 2029 729 2092 Hurle
746 2029 980 2094 malecreditur
991 2030 1034 2094 de
1049 2029 1167 2094 eadem
1184 2041 1291 2094 morte
1306 2040 1340 2094 et
1355 2031 1440 2113 fugit

339 2150 373 2205 et
399 2140 565 2205 Walterus
592 2150 626 2207 et
652 2141 817 2222 Jordanus
842 2140 1108 2205 malecreduntur
1134 2143 1224 2223 quod
1247 2141 1378 2206 suerunt
1404 2142 1438 2203 in

337 2251 437 2316 sorcia
451 2251 508 2316 illa
521 2261 555 2317 et
568 2253 643 2317 ideo
656 2253 899 2335 interrogentur
914 2263 947 2319 et
964 2252 1165 2335 utlagentur.
1203 2251 1438 2337 Englescheria

338 2362 484 2428 Simonis
499 2385 566 2428 non
582 2373 633 2428 est
649 2374 839 2446 presentata
855 2375 889 2429 et
904 2365 980 2428 ideo
997 2365 1177 2429 murdrum.

383 2483 455 2538 125.
481 2476 667 2540 Manerium
687 2477 729 2540 de
753 2474 895 2561 Sowby‘r
914 2476 1014 2541 nichil
1037 2478 1127 2541 aliud
1150 2478 1229 2543 dicit
1246 2477 1335 2561 quod
1358 2476 1437 2541 alibi

336 2589 462 2653 dictum
487 2609 553 2653 non
577 2589 631 2653 sit.

551 2799 768 2866 Hundredum
790 2802 830 2865 de
850 2802 1004 2866 Bermtre
1024 2800 1220 2883 Hambyria.

382 2963 452 3020 126.
464 2951 523 3042 [B]
541 2955 728 3037 Wilielmus
744 2958 786 3020 de
798 2954 1082 3019 Aumundesbiria
1097 2955 1217 3018 cecidit
1232 2953 1275 3017 de
1290 2954 1436 3037 quadam

334 3087 421 3150 equa
438 3089 498 3131 sua
518 3077 552 3131 et
573 3069 734 3151 pependit
753 3088 813 3150 per
833 3069 987 3132 stiveram
1004 3069 1051 3131 ita
1066 3067 1156 3148 quod
1176 3066 1269 3131 obiit.
1314 3065 1436 3130 Nullus

324 3181 411 3270 ¹inde
427 3178 669 3244 malecreditur.
707 3177 1162 3260 Judicium,—infortunium:
1186 3177 1333 3261 precium
1350 3198 1435 3260 eque

334 3299 367 3372 5·
383 3291 471 3354 unde
487 3289 655 3373 Engelard
672 3292 716 3355 de
731 3287 884 3373 Cigonny
899 3290 1108 3373 respondeat.

381 3409 451 3466 127.
463 3397 521 3489 [Β]
547 3401 692 3484 Quidam
718 3403 827 3466 David
849 3403 892 3466 de
906 3401 1087 3466 Westbiria
1106 3409 1271 3464 arestatus
1291 3400 1352 3464 suit
1372 3421 1434 3482 pro

332 3515 478 3596 quodam
494 3535 575 3596 rapo
592 3523 625 3577 et
637 3515 831 3578 commissus
846 3513 909 3577 fuit
920 3513 1091 3577 Willelmo
1103 3512 1252 3576 Walensi
1268 3513 1310 3576 de
1322 3511 1433 3576 West-

331 3627 415 3690 biria
441 3636 474 3690 et
498 3625 672 3709 thethinge
695 3647 754 3689 sue
780 3635 814 3689 et
841 3645 917 3689 eum
943 3645 1008 3690 non
1030 3625 1217 3689 habuerunt
1239 3634 1274 3688 et
1296 3625 1372 3688 ideo
1399 3625 1433 3687 in

333 3737 563 3801 misericordia.
611 3736 657 3801 Et
683 3734 793 3799 Alicia
816 3756 876 3817 pro
898 3756 965 3818 qua
988 3747 1105 3819 captus
1127 3735 1189 3799 suit
1211 3737 1301 3798 venit
1325 3745 1359 3799 et
1382 3744 1433 3798 est

332 3847 415 3910 insra
436 3856 569 3924 etatem,
585 3855 619 3910 et
634 3856 796 3910 testatum
812 3855 863 3910 est
878 3847 968 3928 quod
985 3866 1052 3909 non
1075 3847 1185 3928 rapuit
1200 3844 1291 3909 illam
1308 3854 1341 3909 et
1357 3845 1432 3908 ideo

330 3961 409 4024 inde
440 3961 511 4024 sine
537 3960 591 4023 die
616 3969 649 4023 et
675 3960 784 4024 David
809 3959 892 4042 sugit
919 3968 996 4042 post
1026 3979 1100 4022 eam
1128 3959 1161 4020 in
1188 3958 1362 4022 ecclesiam
1389 3959 1432 4022 de

330 4070 607 4136 Allewodesbiria
637 4071 670 4134 in
699 4071 873 4135 hundredo
904 4071 946 4134 de
978 4049 1150 4133 Berkeleia
1175 4067 1227 4133 ²et
1253 4071 1330 4133 ideo
1353 4069 1431 4133 inde

161 4187 203 4252 loq
214 4205 260 4302 sup
330 4182 562 4266 loquendum2.
599 4183 728 4246 Finitur
743 4183 827 4246 sicut
843 4189 937 4263 patet
953 4183 985 4244 in
1001 4181 1174 4245 hundredo
1190 4181 1232 4244 de
1245 4179 1428 4244 Berkeleia.

161 4253 241 4304 Berke
377 4301 446 4358 128.
460 4289 520 4381 [B]
548 4292 718 4374 Johannes
752 4293 783 4357 ie
818 4293 890 4356 Rus
927 4292 1063 4357 clericus
1097 4291 1216 4356 occidit
1251 4292 1428 4356 Nicolaum

525 4503 563 4533 ¹·¹
581 4503 725 4554 Interiined.
988 4500 1028 4530 ⁸·¹
1045 4501 1132 4553 Struck
1146 4509 1199 4551 out.
