3238 5092
444 459 504 514 DE
527 457 752 516 COMITATU
771 457 1068 515 GLOUCESTRIE.
1263 469 1304 536 99

206 627 329 692 dantur
352 624 417 689 deo
443 633 478 690 et
503 625 625 691 fabrice
651 624 694 690 de
717 623 885 690 Lantonia
908 624 969 690 tali
997 625 1189 691 condicione
1214 625 1305 708 quod

207 739 270 823 ipsi
290 735 436 803 habeant
456 759 513 804 eos
536 739 563 802 si
586 759 651 803 non
670 737 811 814 redierit,
826 747 860 802 et
882 739 909 801 si
926 737 1059 802 redierit
1074 736 1216 802 reddant
1231 737 1306 802 illos

208 850 317 916 eidem
334 849 488 914 Ricardo.

254 969 327 1027 416.
349 961 518 1029 Walterus
541 963 674 1028 Peverel
696 961 882 1029 verberavit
908 963 1042 1028 Petrum
1066 963 1110 1029 de
1133 963 1238 1029 Ponte
1261 963 1310 1030 ita

210 1077 300 1159 quod
323 1097 382 1159 per
399 1076 484 1141 ictus
504 1077 629 1159 recepit
652 1085 794 1141 mortem
815 1084 866 1140 set
880 1085 961 1141 tunc
974 1075 1061 1140 vixit
1076 1095 1135 1159 per
1150 1093 1189 1141 21
1207 1077 1308 1160 septi·

210 1207 349 1266 manas3
373 1199 408 1253 et
418 1186 564 1271 Angelis
579 1207 665 1251 uxor
680 1187 750 1271 ejus
765 1187 950 1270 dicitquod
966 1188 1055 1252 idem
1067 1186 1234 1252 Walterus
1248 1208 1309 1270 pro

211 1299 358 1382 quadam
380 1299 429 1363 ira
451 1319 517 1381 que
538 1297 600 1362 init
622 1299 707 1362 inter
729 1319 785 1363 eos
808 1317 868 1382 pro
891 1299 1035 1382 quadam
1053 1298 1190 1363 bidente
1207 1319 1309 1382 quam

213 1389 302 1476 idem
327 1411 442 1476 Petrus
462 1413 702 1493 imparcaverat
719 1431 784 1493 que
801 1411 863 1476 suit
886 1409 1037 1493 ejusdem
1052 1410 1201 1490 Walteri,
1219 1411 1309 1476 idem

212 1524 380 1589 Walterus
406 1525 567 1607 percussit
592 1543 667 1588 eum
692 1543 767 1588 cum
791 1523 937 1605 quadam
958 1524 1054 1588 barra
1078 1524 1168 1606 quod
1191 1524 1310 1589 cecidit

212 1647 264 1702 set
293 1636 379 1700 vixit
407 1655 467 1719 per
496 1641 627 1700 tantum
654 1644 788 1718 tempus
817 1636 902 1699 sicut
932 1636 1117 1718 predictum
1148 1645 1209 1702 est.
1263 1636 1310 1701 Et

213 1746 381 1811 Walterus
402 1744 552 1811 defendit
572 1754 682 1810 totum
699 1756 735 1811 et
758 1757 901 1812 mortem
922 1757 956 1812 et
974 1767 1173 1813 consensum
1195 1757 1258 1813 etc.
1277 1757 1312 1813 et

213 1857 308 1942 ponit
323 1877 360 1922 se
380 1877 479 1940 super
492 1857 698 1922 veredictum
718 1871 755 1922 12
772 1856 969 1940 juratorum.
1013 1858 1184 1940 Juratores
1199 1860 1314 1925 dicunt

213 1971 305 2054 quod
319 1990 434 2036 verum
457 1970 518 2035 suit
538 1971 628 2053 quod
650 1969 722 2052 ipse
743 1969 791 2035 ita
812 1991 889 2035 eum
902 1972 1106 2051 verberavit;
1129 1982 1181 2037 set
1198 1972 1315 2038 dicunt

214 2102 314 2165 super
328 2092 572 2146 sacramentum
588 2101 685 2145 suum
707 2082 797 2164 quod
817 2082 889 2164 ipse
904 2082 1072 2148 convaluit
1086 2084 1129 2148 de
1144 2083 1251 2168 plagis
1267 2085 1314 2149 eis

214 2195 310 2260 iactis
335 2195 383 2258 ita
405 2193 496 2276 quod
520 2192 581 2257 fuit
604 2193 761 2256 itinerans
786 2202 819 2257 et
842 2211 941 2258 sanus
961 2194 1047 2260 vixit
1069 2213 1129 2277 per
1142 2195 1257 2279 viginti
1281 2203 1316 2260 et

215 2327 316 2372 unam
332 2305 535 2387 septimanas
552 2312 585 2368 et
600 2303 714 2369 dicunt
730 2305 818 2386 quod
834 2305 907 2388 ipse
922 2305 1005 2370 obiit
1021 2315 1110 2371 recta
1125 2305 1317 2372 infirmitate

218 2417 349 2482 mortali
365 2428 398 2483 et
414 2436 480 2479 non
497 2436 556 2500 per
575 2416 700 2500 plagas.
746 2416 791 2482 Et
807 2417 883 2482 ideo
900 2417 1143 2483 consideratum
1159 2419 1315 2500 estquod

217 2528 386 2595 Walterus
404 2538 458 2594 eat
478 2529 556 2594 inde
571 2529 714 2611 quietus.

263 2650 337 2706 41⁷.
362 2640 596 2706 Malesactores
610 2648 771 2704 venerunt
789 2641 833 2705 de
856 2649 953 2706 nocte
972 2641 1015 2705 ad
1036 2642 1174 2705 domum
1191 2641 1316 2725 Rogeri

220 2753 380 2823 Crikeseit
404 2763 438 2819 et
461 2752 645 2838 ligaverunt
672 2773 748 2818 eum
773 2763 808 2818 et
838 2753 942 2817 filium
971 2775 1068 2818 suum
1091 2763 1125 2819 et
1148 2754 1316 2838 quandam

219 2867 322 2932 filiam
339 2867 381 2931 de
401 2875 531 2949 septem
554 2865 649 2930 annis
667 2865 879 2944 occiderunt3
901 2866 1045 2931 nescitur
1062 2868 1118 2950 qui
1134 2866 1267 2931 suerunt
1282 2874 1317 2931 et

220 2979 374 3062 Rogerus
396 2977 562 3042 neminem
586 2976 777 3043 malecredit
792 2988 844 3043 set
859 2957 1094 3062 Engleschen'a
1109 2979 1211 3063 ipsius
1226 2977 1318 3064 pueri

221 3111 288 3155 non
303 3091 366 3155 suit
380 3098 570 3174 presentata
585 3090 661 3154 ideo
675 3089 856 3162 murdrum.
1331 3095 1403 3149 mnrd

266 3209 338 3268 418.
361 3203 508 3286 Quidam
523 3200 625 3265 homo
641 3201 774 3284 ignotus
789 3201 942 3268 inventus
957 3200 1020 3268 fuit
1035 3203 1160 3268 occisus
1176 3203 1319 3270 nescitur

220 3317 294 3399 quis
310 3315 372 3379 fuit
387 3335 448 3380 nec
464 3315 538 3396 quIs
554 3335 631 3378 eum
646 3315 767 3380 occidit
783 3316 860 3380 ideo
875 3317 1058 3381 murdrum.
1331 3320 1388 3372 mdr

267 3435 339 3491 419.
363 3425 568 3510 Reginaldus
594 3425 670 3490 Tod
694 3426 814 3492 occidit
839 3427 1027 3509 Johannenr
1054 3427 1122 3494 Tot
1146 3437 1180 3494 et
1203 3438 1320 3512 captus

222 3539 284 3604 fuit
299 3549 333 3604 et
349 3539 571 3622 inprisonatus
586 3540 675 3622 apud
694 3539 957 3619 Gloucestriam3
983 3549 1018 3605 et
1035 3542 1149 3606 dicunt
1173 3558 1211 3605 12
1230 3541 1320 3623 jura·

222 3662 311 3717 tores
327 3653 417 3734 quod
433 3652 504 3734 ipse
519 3650 691 3734 culpabilis
705 3650 767 3715 suit
779 3652 821 3715 de
837 3662 944 3716 morte
959 3653 1107 3734 predicta
1123 3661 1156 3716 et
1171 3652 1320 3735 quesitus

222 3767 406 3832 vicecomes
432 3764 489 3827 ubi
515 3765 604 3829 idem
635 3763 840 3848 Reginaidus
870 3764 921 3839 sit,
947 3764 1028 3830 dicit
1054 3764 1142 3847 quod
1170 3773 1322 3847 tempore

223 3899 340 3964 guerre
371 3877 476 3942 noluit
501 3877 664 3941 Dominus
691 3875 745 3941 W.
773 3875 978 3941 Mariscallus
1007 3876 1200 3960 permittere
1229 3877 1320 3959 quod

224 3990 343 4074 aliquis
365 3999 454 4054 esset
475 3988 510 4052 in
532 3987 662 4054 castro¹
683 3988 914 4072 inprisonatus,
930 3998 964 4053 et
983 3987 1061 4071 quia
1079 4007 1178 4052 nemo
1191 3987 1323 4054 locutus

222 4105 287 4168 fuit
312 4123 426 4168 versus
452 4121 528 4167 eum
555 4102 599 4166 de
623 4109 730 4166 morte
754 4101 902 4184 predicta
925 4100 1125 4184 replegiatus
1148 4100 1209 4166 init
1232 4101 1323 4168 idem

226 4215 434 4298 Regiualdus
451 4222 485 4278 et
499 4214 696 4279 commissus
711 4212 902 4297 Thethinge
922 4214 966 4278 de
982 4213 1165 4278 Bemwude
1179 4213 1326 4280 habendi

226 4347 303 4392 eum
325 4347 437 4392 coram
455 4325 654 4409 justiciariis.
700 4325 747 4400 Et
770 4345 836 4389 non
858 4324 1047 4390 habuerunt
1064 4346 1141 4390 eum
1157 4327 1231 4392 ideo
1247 4339 1324 4394 sunt

226 4438 260 4502 in
287 4438 520 4504 misericordia.
565 4436 696 4503 Catalla
726 4435 798 4520 ejus
828 4445 879 4519 15⁸
911 4436 998 4502 unde
1025 4435 1193 4524 Tethinga
1223 4441 1325 4506 debet
1341 4441 1382 4502 ¹5¹

653 4585 662 4614 ¹
680 4585 700 4633 B
711 4583 787 4634 omits
798 4585 827 4634 in
838 4591 925 4636 castro.

748 4669 770 4712 fl
788 4667 806 4717 2
