3234 5072
313 445 350 490 12
664 443 821 498 PLACIT
818 445 846 499 Α
872 447 1039 502 CORONE

246 609 297 668 m'E
310 602 426 666 etideo
436 604 469 666 in
479 606 720 686 misericordia3
736 610 846 674 nullus
858 612 943 677 alius
954 613 1194 681 malecreditur.
1227 617 1406 700 Judicium,

154 805 163 824 Ι
253 720 298 773 18¹¹
310 715 508 796 —exigatur
529 727 563 782 et
586 718 760 802 utlagetur.
808 721 938 788 Catalla
959 725 1028 807 ejus
1047 725 1100 788 18‘l
1116 730 1203 792 unde
1223 729 1406 793 vicecomes

308 827 515 908 respondeat.

634 1079 757 1146 Villata
778 1080 818 1147 de
843 1083 1088 1148 Winchecumbe.

353 1274 402 1330 47.
426 1266 592 1332 Henricus
620 1268 809 1336 Caretarius
838 1272 965 1337 occisus
991 1272 1053 1336 suit
1079 1294 1099 1336 a
1125 1273 1271 1356 quodam
1298 1293 1404 1354 equ03

307 1378 416 1442 nullus
429 1379 668 1446 malecreditur.
698 1384 1155 1466 Judicium,-infortunium;
1172 1384 1317 1468 precium
1330 1386 1405 1466 equi

142 1479 213 1608 [g'Jd
246 1557 264 1608 d
307 1497 359 1568 5¹3
382 1493 504 1555 dantur
518 1495 702 1575 operationi
719 1495 854 1560 ecclesie
870 1496 912 1560 de
927 1495 1191 1561 Winchecumbe
1207 1515 1266 1579 pro
1282 1497 1356 1561 deo,

141 1557 189 1625 [⁰
214 1557 276 1623 Μ]
354 1609 405 1666 48.
428 1603 583 1669 Andreas
596 1604 777 1674 Vinitarius
796 1619 830 1675 et
854 1610 963 1673 David
981 1609 1161 1694 Dunninge
1181 1619 1215 1674 et
1233 1630 1349 1674 omnes
1364 1610 1407 1674 de

309 1715 517 1781 Gloucestria
542 1721 761 1786 vendiderunt
786 1723 899 1785 vinum
923 1730 1038 1787 contra
1062 1723 1200 1786 assisam
1223 1731 1257 1786 et
1281 1722 1355 1785 ideo
1373 1723 1406 1785 in

139 1810 190 1868 ’ᾗ
309 1827 539 1894 misericordia.

352 1947 403 2002 49.
421 1935 479 2028 [Β]
503 1940 688 2007 Mercatum
713 1953 876 2008 remotum
898 1953 948 2008 est
971 1945 1013 2008 de
1036 1945 1090 2008 die
1113 1943 1280 2008 dominica
1302 1963 1406 2026 usque

308 2051 341 2114 in
357 2052 445 2116 diem
462 2053 539 2118 lune
555 2075 621 2118 non
636 2057 679 2120 ad
696 2054 931 2121 nocumentum
949 2056 1088 2139 alicujus
1102 2056 1199 2121 vicini
1220 2055 1355 2120 mercati
1372 2064 1406 2119 et

307 2163 383 2227 ideo
399 2176 567 2231 remaneat
580 2168 636 2232 ita.

354 2283 404 2340 50.
421 2271 480 2364 [Β]
504 2278 675 2359 Juratores
694 2289 920 2363 cognoverunt
936 2281 1025 2363 quod
1042 2300 1109 2345 non
1126 2287 1303 2344 tenuerunt
1323 2279 1404 2342 assi-

308 2407 379 2452 sam
396 2391 491 2473 panis
512 2399 546 2455 et
561 2392 696 2458 cervisie
714 2394 757 2457 ad
773 2392 938 2456 nundinas
959 2413 1034 2456 suas
1051 2393 1084 2456 in
1099 2391 1178 2456 villa
1197 2410 1265 2468 sua,
1281 2400 1315 2455 et
1330 2390 1405 2454 ideo

307 2499 421 2566 villata
441 2503 475 2566 in
493 2505 732 2584 misericordia3
756 2515 790 2570 et
813 2506 859 2570 sic
880 2504 1000 2570 iaciant
1023 2508 1057 2569 in
1080 2505 1158 2570 feria
1174 2504 1258 2570 sicut
1276 2512 1355 2568 ante
1371 2511 1406 2566 et

307 2625 384 2698 post
395 2615 523 2686 leriam.

353 2728 440 2793 Item
462 2728 627 2811 juratores
653 2731 767 2796 dicunt
793 2731 883 2814 quod
909 2739 1062 2796 tenentes
1088 2728 1215 2794 domini
1243 2727 1345 2811 Regis
1372 2727 1406 2792 in

308 2840 387 2904 villa
406 2861 466 2905 sua
480 2843 537 2924 qui
552 2849 668 2907 tenent
688 2861 713 2906 1.
731 2843 937 2926 mesuagium
952 2841 1005 2924 vel
1024 2842 1198 2924 gardinum
1217 2838 1270 2904 vel
1292 2838 1405 2920 hujus-

309 2952 400 3016 modi
427 2953 470 3016 de
494 2954 629 3017 domino
656 2953 750 3037 Rege
777 2953 948 3018 reddendo
974 2953 1050 3016 inde
1076 2953 1243 3016 redditum
1268 2950 1405 3014 domino

309 3065 394 3148 Regi
409 3066 547 3130 veniunt
569 3075 603 3129 et
617 3065 767 3129 vendunt
781 3067 824 3130 de
840 3065 1039 3129 tenementis
1054 3063 1118 3127 illis
1133 3061 1357 3143 hospitalariis
1371 3069 1406 3124 et

309 3175 477 3240 monachis
499 3185 532 3240 et
552 3177 671 3241 iterum
695 3198 735 3240 ea
755 3184 926 3240 resumunt
945 3176 1090 3239 tenenda
1107 3175 1214 3238 decis
1231 3175 1318 3238 unde
1339 3193 1405 3237 non

307 3297 444 3370 possunt
470 3288 620 3370 distringi
648 3290 690 3352 ad
717 3288 905 3353 faciendum
931 3289 1022 3371 quod
1046 3288 1153 3352 lacere
1175 3287 1299 3351 debent
1320 3287 1406 3350 sicut

308 3399 364 3461 alii
385 3407 545 3474 tenentes,
560 3400 645 3476 sicut
667 3401 710 3464 de
733 3420 819 3483 pane
842 3409 875 3464 et
898 3401 1033 3464 cervisia
1056 3405 1089 3463 et
1114 3397 1314 3480 hujusmodi,
1328 3397 1407 3480 quia

308 3512 461 3576 monachi
477 3520 511 3576 et
521 3512 731 3595 hospitalarii
744 3514 856 3577 statim
873 3515 1164 3578 excommunicant
1177 3511 1406 3577 vicecomitem

308 3632 343 3688 et
365 3623 504 3688 ballivos
526 3643 602 3688 suos
626 3632 660 3688 et
681 3623 822 3689 ballivos
846 3625 973 3689 domini
999 3625 1113 3706 Regis.
1161 3624 1207 3688 Et
1232 3623 1308 3688 ideo
1334 3643 1408 3705 pre·

308 3744 443 3818 ceptum
459 3746 510 3800 est
525 3736 712 3800 vicecomiti
732 3736 822 3819 quod
846 3737 873 3800 si
895 3736 1014 3819 aliquis
1038 3737 1191 3800 decetero
1214 3736 1338 3799 vendat
1360 3735 1408 3799 ita

308 3857 499 3913 tenementa
510 3847 636 3912 domini
652 3847 755 3931 Regis
768 3849 859 3932 quod
871 3849 981 3931 capiat
993 3846 1075 3911 illud
1087 3849 1120 3911 in
1133 3868 1268 3912 manum
1280 3845 1408 3912 domini

310 3959 413 4043 Regis
429 3969 463 4024 et
479 3960 570 4025 salvo
586 3961 790 4026 custodiatur
805 3980 977 4046 quousque
993 3968 1054 4024 etc.

356 4079 405 4136 51.
430 4072 616 4137 Rannulius
631 4073 673 4138 de
691 4073 901 4156 Cropthorne
916 4073 1038 4138 occidit
1050 4053 1235 4136 Wdlterum
1252 4072 1295 4134 de
1307 4069 1407 4134 Cote-
1464 4109 1466 4114 -

309 4195 404 4249 stone
437 4194 471 4249 et
501 4194 618 4268 captus
647 4184 710 4251 fuit
738 4194 771 4249 et
799 4185 940 4249 traditus
963 4185 996 4248 in
1019 4184 1170 4249 custodia
1192 4182 1340 4247 Waltero
1363 4183 1407 4245 de

310 4296 528 4376 Catteshulle,
549 4297 709 4363 Gauirido
739 4298 782 4361 de
813 4296 987 4374 Lilletone,
1007 4297 1152 4360 Ricardo
1182 4295 1225 4358 de
1249 4291 1407 4371 Truham‚

310 4407 453 4490 Phillipo
476 4410 518 4472 de
539 4409 728 4474 Oxendone
750 4418 784 4473 et
804 4408 878 4472 aliis
892 4410 949 4490 qui
972 4409 1090 4471 mortui
1111 4415 1197 4480 sunt,
1214 4403 1318 4469 etalii
1340 4424 1406 4467 non
1426 4493 1430 4500 Ι

309 4519 493 4584 habuerunt
510 4539 594 4594 eum,
611 4530 645 4584 et
661 4519 736 4585 ideo
753 4522 785 4583 in
801 4519 1034 4584 misericordia.
