3238 5092
374 451 375 454 =
429 421 490 474 DE
512 419 705 511 colmar
708 421 734 475 U
755 421 1054 478 GLOUCESTRIE.
1252 414 1290 477 81

191 583 336 648 creditur
358 582 402 646 de
424 591 532 649 morte
554 584 619 659 illa,
642 605 703 649 uec
727 585 845 668 aliquis
867 585 952 651 alius
974 583 1104 669 ¹neque
1125 587 1294 652 Robertus

191 695 303 760 Faber
318 715 426 777 neque
440 696 525 761 alius
540 704 574 760 et
589 697 665 760 ideo
680 697 758 761 inde
773 697 905 780 quietus
917 697 940 762 ¹.

238 814 310 870 337.
335 807 497 872 Homines
515 808 558 872 de
573 809 720 873 manerio
736 809 862 874 domiui
878 809 982 893 Regis
997 811 1040 874 de
1057 809 1185 875 Radlee
1201 811 1293 877 etde

192 920 368 985 Addesete
389 930 568 1003 queruntur
588 922 677 1004 quod
698 920 852 986 monachi
875 922 918 986 de
938 923 1095 987 Flexelee
1118 934 1293 1006 opturave-

193 1043 271 1097 runt
285 1033 373 1096 viam
385 1053 481 1096 suam
496 1054 596 1116 quam
612 1033 675 1117 ipsi
690 1031 860 1099 habebant
875 1043 909 1099 et
923 1034 1046 1100 habere
1060 1034 1294 1100 assueverunt²

194 1165 296 1227 usque
311 1145 354 1208 ad
371 1165 498 1209 moram
513 1165 578 1227 que
593 1155 730 1210 vocatur
744 1144 933 1210 Walemore
949 1156 984 1212 et
998 1148 1086 1211 viam
1103 1146 1194 1210 illam
1209 1157 1293 1211 tres-

192 1265 410 1322 turnaverunt
431 1278 535 1340 usque
558 1259 600 1322 ad
621 1258 723 1322 alium
745 1258 854 1322 locum
872 1259 929 1342 qui
952 1279 1017 1324 non
1035 1268 1086 1324 est
1101 1269 1293 1343 conpetens,

194 1369 367 1433 occasione
387 1368 560 1453 cujusdam
582 1369 687 1452 partis
708 1369 794 1434 illius
816 1391 907 1436 more
928 1391 1030 1454 quam
1045 1372 1201 1437 dominus
1218 1372 1295 1436 Rex

195 1482 242 1546 eis
258 1481 361 1546 dedit.
408 1481 454 1545 Et
470 1481 622 1546 monachi
641 1480 823 1547 defendunt
839 1485 929 1566 quod
945 1483 1007 1567 ipsi
1022 1485 1221 1549 auctoritate
1236 1504 1297 1547 sua

195 1594 321 1659 nullam
336 1594 424 1658 viam
442 1603 733 1660 trestumaverunt.
779 1593 838 1660 Set
861 1593 996 1677 quando
1012 1594 1137 1678 placuit
1159 1593 1296 1658 domino

197 1705 282 1789 Regi
306 1705 451 1788 Johanni
473 1726 534 1770 sua
556 1705 663 1789 gratia
683 1705 773 1787 quod
797 1705 867 1788 ipse
887 1706 981 1770 dedit
997 1705 1044 1770 eis
1060 1705 1150 1770 illam
1165 1716 1295 1788 partem
1309 1693 1402 1774 [ὦ]

195 1818 282 1883 illius
304 1839 396 1882 more
417 1826 631 1901 recepemnt3
655 1817 808 1882 dominus
831 1817 934 1901 Hugo
956 1819 999 1882 de
1014 1817 1146 1882 Nevilla
1169 1825 1203 1881 et
1219 1817 1296 1881 Phi·

196 1931 306 2014 lippus
330 1930 373 1995 de
396 1931 548 1995 Bantone
572 1929 834 1994 constabularius
856 1950 934 1994 suus
961 1930 1008 1994 eis
1031 1929 1182 1994 liberavit
1205 1930 1296 1995 illam

197 2064 323 2108 moram
354 2063 414 2126 per
443 2044 572 2107 bundas
603 2051 637 2107 et
666 2062 726 2125 per
750 2050 856 2106 metas
882 2043 929 2106 ita
952 2044 1042 2124 quod
1069 2042 1193 2106 nullam
1218 2064 1296 2126 pur·

196 2164 382 2240 presturam
401 2155 548 2220 iecerunt
568 2153 667 2218 aliam
688 2174 790 2237 quam
811 2154 872 2236 ipsi
888 2153 935 2217 eis
951 2154 1172 2218 liberaverunt
1187 2174 1296 2237 neque

197 2268 229 2332 in
253 2267 407 2333 chemino
428 2287 533 2350 neque
553 2266 630 2330 alibi
655 2276 689 2329 et
707 2266 785 2329 inde
799 2257 921 2330 vocant
938 2267 1046 2349 ipsum
1065 2267 1245 2348 Hugonem
1262 2276 1297 2331 et

197 2379 386 2462 Philippum
396 2378 419 2456 ³,
431 2379 477 2441 ita
492 2378 581 2460 quod
593 2377 682 2441 idem
700 2377 802 2460 Hugo
818 2379 997 2461 assignavit
1012 2378 1092 2460 ipsis
1107 2377 1296 2442 hominibus

197 2491 297 2556 aliam
312 2492 400 2554 viam
415 2490 458 2552 ad
475 2508 602 2552 moram
618 2488 708 2552 illam
729 2490 776 2554 ita
791 2489 881 2572 quod
898 2489 960 2574 ipsi
976 2498 1154 2554 tenuerunt
1169 2509 1205 2553 se
1220 2489 1299 2554 inde

197 2613 344 2686 pacatos.
383 2601 428 2664 Et
451 2611 603 2683 preterea
625 2599 795 2682 proferunt
818 2611 944 2665 cartam
964 2600 1068 2683 Regis
1086 2601 1222 2665 Heurici
1245 2601 1298 2663 avi

197 2737 240 2779 ne
266 2717 309 2778 de
335 2714 446 2797 aliquo
471 2715 560 2778 dono
581 2713 634 2804 ¹eis
658 2712 746 2776 sacto
773 2712 930 2794 placitent
958 2713 1019 2776 nisi
1046 2732 1157 2777 coram
1182 2733 1222 2776 eo
1243 2712 1297 2777 vel
1392 2731 1393 2734 ’

197 2848 309 2892 coram
332 2825 465 2908 capitali
486 2825 668 2906 justiciario
691 2844 761 2887 suo.
1161 2913 1164 2918 Ι

243 2946 316 3001 338.
339 2938 397 3002 Ad
422 2936 582 3019 judicium
607 2938 650 3001 de
671 2935 872 3019 juratoribus
898 2936 955 3019 qui
978 2937 1231 3002 concelaverunt
1256 2955 1291 2999 11
1308 2945 1422 3014 edjufln

198 3051 357 3133 loquelas.

244 3171 316 3226 339.
339 3162 526 3226 Willelmus
544 3162 652 3225 ¹Brain
677 3163 798 3227 occidit
821 3159 935 3226 Adam
963 3162 1067 3227 filium
1098 3162 1233 3229 Ricardi
1264 3171 1298 3227 et

197 3275 281 3358 fugit
311 3284 346 3339 et
383 3275 491 3339 nullus
530 3273 613 3337 alius
651 3272 881 3338 malecreditur
915 3274 991 3339 ideo
1021 3276 1194 3358 exigatur;
1233 3295 1300 3340 non

198 3386 315 3451 habuit
339 3386 459 3451 catalla
484 3396 518 3449 et
539 3405 605 3478 uon
626 3384 687 3449 fuit
705 3386 739 3448 in
754 3384 866 3450 franco
881 3386 993 3469 plegio
1016 3396 1067 3451 set
1082 3387 1144 3450 suit
1160 3407 1298 3452 manens

198 3501 231 3563 in
246 3498 325 3562 villa
339 3499 382 3562 de
398 3498 518 3563 Staure
533 3506 567 3560 et
582 3517 648 3560 non
664 3495 780 3560 habuit
795 3518 870 3561 eum
890 3497 964 3561 idco
980 3498 1012 3560 in
1028 3497 1260 3564 misericordia.
1309 3505 1362 3561 ffisn

245 3618 317 3673 340.
342 3609 575 3673 Malefactores
590 3617 751 3672 venerunt
770 3610 813 3672 ad
829 3609 966 3672 domum
983 3609 1106 3692 Rogeri
1125 3609 1248 3692 Pegein
1264 3620 1299 3675 et

198 3723 384 3806 ligaverunt
404 3742 479 3786 eum
502 3730 537 3785 et
559 3720 811 3784 combussemnt
841 3739 980 3782 uxorem
1003 3740 1118 3798 suam;
1153 3730 1205 3784 set
1228 3720 1300 3804 ipsa

199 3846 317 3919 postea
335 3834 419 3898 vixit
440 3852 499 3918 per
519 3835 538 3896 8
559 3833 649 3909 dies;
673 3841 707 3896 et
729 3831 880 3913 Rogerus
901 3850 967 3894 non
987 3832 1077 3894 venit
1099 3841 1161 3896 etc.
1177 3841 1212 3895 et
1233 3852 1299 3896 non

200 3944 431 4010 malecreditur
443 3965 501 4028 per
516 3960 554 4006 12
568 3942 730 4024 juratores
743 3951 776 4005 et
791 3941 867 4005 ideo
879 3943 922 4005 sit
937 3941 1015 4006 inde
1026 3942 1169 4024 quietus,
1182 3954 1233 4009 set
1248 3953 1299 4008 est

200 4061 233 4123 in
249 4058 470 4123 misericordia
482 4056 559 4138 quia
571 4075 636 4118 non
651 4055 762 4132 venit;
786 4064 821 4119 et
833 4053 983 4119 similiter
993 4054 1093 4137 plegii
1106 4054 1177 4138 ejus
1188 4059 1298 4121 standi

200 4180 291 4235 recto
313 4169 437 4234 scilicet
458 4167 625 4232 Walterus
646 4167 796 4232 Venator
815 4176 848 4231 et
868 4167 1030 4231 Ricardus
1049 4165 1123 4233 Cas
1164 4167 1300 4234 ⁴Nichi1

200 4281 324 4346 habent
333 4281 356 4344 ⁴.
1314 4299 1389 4373 [ᾖῑῑ]

232 4423 271 4455 ²·¹
288 4423 355 4488 Only
366 4423 391 4472 iu
403 4425 435 4472 Α.
577 4421 588 4451 ²
603 4424 711 4472 solebant
722 4423 751 4471 B.
851 4422 862 4452 ⁸
875 4422 912 4472 ad
919 4431 1082 4474 warrantum
1094 4392 1225 4477 interlined
1238 4427 1263 4478 in
1271 4429 1300 4482 B.

233 4505 273 4537 Η
288 4505 342 4556 Not
353 4505 380 4555 in
392 4506 421 4564 Β,
433 4503 482 4555 aud
493 4505 518 4556 in
530 4501 551 4553 Β
564 4505 607 4556 the
618 4505 741 4568 marginal
753 4505 806 4555 mia
817 4505 839 4555 is
850 4510 894 4555 not
903 4504 988 4556 struck
1000 4511 1055 4556 out.

741 4603 762 4649 G
