3234 5072
447 420 507 473 DE
530 419 756 474 COMITATU
776 418 1074 475 GLOUCESTRIE.
1270 415 1307 497 13

255 584 301 648 Et
316 583 480 666 juratores
500 584 533 646 in
553 583 776 649 misericordia
796 585 853 666 qui
873 583 1125 651 concelaverunt
1141 585 1308 667 loquelam

210 694 311 758 illam.

256 813 307 868 52.
332 804 482 869 Marinus
505 805 548 870 de
559 805 820 871 Winehecumbe
839 808 895 890 qui
917 817 1057 873 rettatus
1080 807 1203 872 fuitde
1226 827 1309 889 quo-

210 918 289 981 dam
304 916 439 980 homine
454 925 584 981 mortuo
600 919 633 981 in
644 920 745 983 domo
760 920 933 1001 patrissui
946 920 1005 983 dat
1021 929 1064 984 2¹²¹
1079 940 1139 1003 pro
1154 918 1309 984 habenda
1323 933 1357 978 2¹·

210 1029 423 1112 inquisicione
438 1029 466 1092 si
482 1028 525 1092 sit
540 1028 712 1110 culpabilis
728 1049 850 1108 necne;
876 1031 1074 1114 recipiuntur
1090 1051 1149 1115 per
1162 1031 1309 1114 plegium

213 1139 340 1204 Mathei
355 1139 444 1218 Coei,
458 1140 587 1205 Odonis
600 1142 642 1205 de
653 1139 880 1205 Dumbletone
896 1150 930 1205 et
941 1141 1080 1225 Josephi
1092 1144 1134 1206 de
1147 1143 1308 1206 Mariscis.

254 1253 424 1333 Juratores
445 1255 487 1317 de
503 1249 764 1316 Winehecumbe
783 1261 818 1316 et
839 1254 881 1316 de
905 1252 1096 1337 Kistesgate
1113 1263 1146 1318 et
1167 1256 1210 1318 de
1227 1252 1310 1316 Gre-

211 1374 319 1429 testan
353 1367 468 1429 dicunt
497 1365 623 1448 precise
656 1363 745 1447 quod
776 1385 841 1428 non
876 1373 926 1429 est
957 1364 1139 1447 culpabilis,
1170 1374 1204 1429 et
1234 1366 1310 1428 ideo

213 1476 353 1558 quietus.

672 1631 788 1694 [Momb.
805 1629 856 1692 11.]

518 1713 737 1810 Hundredum
759 1746 799 1809 de
822 1745 1009 1811 Selochtres.

260 1883 310 1940 53.
333 1875 521 1940 Willelmus
536 1875 680 1939 serviens
696 1874 836 1940 Roberti
852 1878 895 1940 de
908 1875 1042 1941 Heselei
1059 1877 1183 1940 invenit
1200 1875 1314 1940 Ricar-

216 1991 296 2053 dum
315 1987 346 2052 le
367 1987 441 2052 Sire
465 1988 498 2051 in
525 1986 726 2070 curtillagio¹
749 1974 875 2052 domini
902 1988 952 2052 sui
980 1988 1144 2053 furantem
1168 1987 1257 2052 olera
1280 1996 1314 2051 et

216 2099 404 2164 Willelmus
425 2098 545 2164 occidit
561 2099 669 2181 ipsum
691 2108 724 2163 et
746 2100 861 2163 statim
882 2099 967 2183 sugit
989 2110 1023 2165 et
1046 2100 1109 2163 suit
1128 2117 1265 2163 manens
1281 2101 1315 2162 in

215 2210 330 2276 villata
345 2212 388 2275 de
407 2209 587 2275 Shirebum
609 2220 706 2274 extra
722 2209 870 2275 francum
888 2210 1044 2294 plegium,
1060 2211 1136 2276 ideo
1151 2210 1265 2276 villata
1281 2211 1316 2273 in

218 2321 460 2387 misericordia²
472 2347 481 2400 ;
516 2341 582 2386 non
609 2321 726 2386 habuit
757 2321 877 2386 catalla
904 2331 938 2387 et
964 2323 1072 2386 nullus
1103 2322 1186 2386 alius
1216 2321 1407 2405 male-[iiii]

217 2435 379 2510 creditur;
404 2435 481 2498 ideo
504 2434 675 2516 exigatur3
700 2442 734 2497 et
756 2443 873 2516 postea
895 2443 1054 2499 testatum
1069 2433 1131 2497 luit
1145 2434 1236 2516 quod
1256 2423 1398 2502 tuitffl

218 2549 260 2612 de
276 2555 474 2630 manupasto
490 2545 629 2609 Roberti
644 2547 688 2608 de
704 2543 827 2610 Hesele
841 2566 990 2628 persone,
1006 2547 1063 2629 qui
1079 2546 1170 2610 obiit.

264 2667 313 2722 54.
338 2657 570 2723 Malelactores
592 2664 753 2721 venerunt
778 2657 821 2722 ad
849 2657 986 2721 domum
1012 2657 1145 2738 Juliane
1172 2658 1215 2722 de
1238 2655 1318 2721 Ber·

219 2771 377 2853 ningtone
403 2779 437 2834 et
462 2769 653 2834 occiderunt
679 2765 846 2834 Thomam
877 2788 1015 2851 puerum
1042 2769 1144 2851 ipsius
1167 2768 1317 2849 Juliane3

220 2882 328 2945 nullus
359 2881 609 2957 malecreditur3
648 2878 885 2962 Englescheria
918 2889 1108 2961 presentata
1142 2879 1212 2958 fuit,
1242 2880 1318 2944 ideo

220 2991 328 3056 nichil.
921 3061 923 3064 .

266 3113 315 3170 55.
340 3104 572 3169 Malesactores
594 3113 753 3168 venerunt
776 3103 819 3168 de
841 3113 937 3168 nocte
959 3104 1003 3168 ad
1027 3103 1254 3168 molendinum
1277 3105 1321 3168 de

221 3217 445 3301 Bemingtone
456 3226 491 3281 et
501 3216 756 3282 vulneraverunt
768 3216 944 3281 Danielem
957 3226 990 3281 et
998 3215 1183 3281 Walterum
1195 3217 1321 3282 socium

220 3349 317 3393 suum
344 3329 400 3412 qui
420 3328 552 3393 suerunt
574 3330 607 3392 in
630 3329 821 3393 molendino
844 3327 900 3393 illo
922 3329 969 3392 ita
991 3330 1081 3411 quod
1104 3329 1266 3405 obierunt,
1288 3339 1322 3394 et

223 3441 367 3506 nescitur
386 3442 442 3524 qui
469 3439 600 3504 suerunt
622 3439 669 3502 illi
691 3439 928 3515 malefactores,
947 3448 980 3503 et
997 3439 1234 3522 Englescheria
1255 3461 1320 3504 non

221 3552 283 3616 suit
306 3551 547 3617 racionabiliter
568 3559 778 3637 presentata;
801 3550 877 3615 ideo
900 3551 1091 3630 murdrum;
1115 3561 1150 3616 et
1171 3552 1420 3624 similiterfiffi
1447 3580 1449 3586 ·

221 3665 338 3729 villata
364 3666 407 3730 de
436 3665 563 3748 Magna
589 3662 813 3746 Bemingtone
843 3663 876 3726 in
905 3663 1127 3728 misericordia
1153 3685 1214 3748 pro
1239 3664 1386 3732 salsam.

222 3777 479 3860 presentacione.
1007 3851 1012 3858 ⁵

268 3893 318 3952 56.
342 3887 543 3953 Eustachius
564 3886 755 3970 capellanus
781 3887 824 3950 de
855 3885 1050 3950 Risendone
1080 3885 1142 3950 suit
1171 3887 1215 3950 ad
1246 3907 1324 3951 con·

223 4000 346 4064 vivium
363 3999 519 4083 Hugonis
535 3999 613 4064 Dod
635 4006 670 4062 et
690 3999 724 4061 in
747 3997 855 4063 reditu
877 4018 937 4062 suo
957 4017 1072 4062 versus
1094 3996 1232 4062 domum
1248 3999 1325 4062 sub-

257 4185 265 4215 ¹
282 4187 311 4236 in
321 4193 374 4238 orto
385 4187 414 4236 B.

257 4266 267 4297 ¹
283 4268 345 4318 This
356 4269 378 4318 is
389 4267 432 4318 the
447 4274 500 4319 text
511 4283 539 4318 aa
550 4267 602 4320 first
613 4269 719 4328 written,
731 4267 776 4318 but
792 4267 866 4318 nulla
880 4275 916 4317 est
932 4266 1104 4317 misericordia
1120 4265 1165 4316 has
1175 4267 1238 4316 been
1250 4265 1323 4316 inter·

224 4351 299 4402 lined.
332 4351 388 4402 The
399 4366 486 4401 reason
498 4350 537 4401 lor
548 4350 591 4400 the
601 4351 734 4401 alteration
746 4350 767 4400 is
779 4351 834 4401 that
846 4349 961 4400 william
972 4349 994 4400 is
1005 4349 1099 4414 proved
1112 4355 1138 4400 to
1149 4349 1213 4398 bave
1224 4349 1287 4400 been
1299 4349 1329 4398 ol

225 4433 268 4484 the
285 4440 417 4498 manupust
434 4431 596 4498 (housebold)
614 4432 644 4484 ol
657 4433 752 4484 Robert
769 4431 811 4483 the
828 4447 925 4498 parson.
960 4431 1023 4482 This
1037 4431 1087 4482 bad
1103 4431 1165 4484 been
1180 4430 1325 4484 discovered

225 4515 310 4566 before
323 4515 342 4564 B
354 4531 405 4566 was
416 4515 521 4567 written.
