3234 5072
325 369 365 417 22
684 362 840 418 PLACIT
838 363 865 417 A
892 362 1057 420 CORONE

325 524 547 592 mahemiatus
562 526 605 591 de
620 526 720 609 plaga
743 526 808 604 illa,
826 536 859 592 et
874 527 902 590 si
924 548 989 591 non
1011 528 1053 591 sit
1070 525 1272 591 mahemium
1288 536 1424 609 paratus

325 647 377 700 est
391 638 531 719 probare
546 659 605 720 per
620 659 738 722 corpus
754 659 849 703 suum
865 639 949 703 sicut
965 640 1054 702 curia
1068 639 1330 703 consideraverit.

370 749 416 812 Et
431 749 580 814 Thomas
594 751 687 815 venit
706 760 741 814 et
761 750 909 814 defendit
927 770 1044 832 pacem
1066 750 1191 813 domini
1213 750 1298 832 regis
1313 759 1374 814 etc.
1391 761 1425 815 et

325 859 482 924 seloniam
513 869 547 925 et
570 871 678 925 totum
702 864 745 926 de
759 862 860 926 verbo
879 863 911 925 in
935 863 1073 926 verbum
1098 863 1182 926 sicut
1206 863 1294 927 curia
1319 863 1425 926 consi·

325 972 488 1036 deraverit
511 981 544 1036 et
566 973 661 1055 ponit
684 994 720 1037 se
742 994 841 1056 super
861 974 1026 1037 visnetum
1049 994 1156 1038 suurn.

370 1083 474 1166 Plaga
496 1083 567 1148 visa
597 1093 705 1148 estet
733 1093 893 1148 testatum
919 1094 970 1149 est
1000 1085 1090 1168 quod
1116 1085 1242 1149 nullum
1267 1106 1424 1168 peream

325 1192 429 1260 habet
460 1194 671 1275 mahemium,
698 1205 732 1260 et
761 1205 971 1260 coronatores
1001 1207 1035 1262 et
1061 1198 1237 1261 comitatus
1261 1207 1426 1262 testantur

326 1308 416 1388 quod
432 1318 521 1371 secta
537 1307 779 1372 racionabiliter
798 1307 886 1372 sacta
902 1318 951 1372 est
967 1318 1000 1372 et
1017 1309 1106 1391 quod
1122 1291 1275 1372 viderunt
1291 1309 1425 1392 plagam

327 1428 494 1482 recentem
510 1430 543 1484 et
555 1422 643 1502 quod
661 1430 739 1484 tunc
760 1420 942 1503 appellavit
962 1422 1070 1503 ipsum
1089 1419 1254 1483 Thomam
1274 1422 1317 1485 de
1336 1420 1427 1485 facto

326 1541 362 1594 et
377 1530 571 1596 Estmarum
587 1532 630 1596 de
644 1533 687 1596 vi.
734 1531 779 1596 Et
799 1532 964 1614 juratores
986 1533 1100 1596 dicunt
1118 1533 1208 1614 quod
1229 1533 1315 1596 bene
1330 1531 1426 1596 intel-

326 1643 434 1724 ligunt
457 1644 547 1726 quod
570 1644 659 1708 idem
675 1644 823 1708 Thomas
846 1644 1019 1726 culpabilis
1038 1654 1088 1708 est
1106 1645 1149 1707 de
1170 1644 1269 1726 plaga
1288 1652 1321 1708 et
1341 1645 1426 1708 bene

327 1755 435 1817 sciunt
461 1756 550 1836 quod
576 1764 702 1819 sectam
727 1755 805 1820 fecit
826 1757 910 1820 sicut
928 1765 1137 1820 coronatores
1161 1764 1335 1821 testantur.
1380 1755 1427 1820 Et

159 1887 229 1938 duell
327 1865 404 1929 ideo
414 1868 657 1932 consideratum
669 1869 817 1950 estquod
829 1867 977 1931 duellum
989 1870 1032 1931 sit
1042 1869 1128 1931 inter
1139 1889 1212 1947 eos;
1233 1878 1267 1931 et
1278 1868 1426 1932 Thomas

159 2004 212 2052 dies
224 2003 296 2052 datus
328 1975 386 2042 det
411 1979 545 2042 vadium
570 1978 771 2043 defendendi
799 2001 834 2042 se
861 1991 894 2042 et
922 1979 1084 2061 Georgius
1111 1980 1295 2061 probandi;
1327 1977 1426 2062 plegii

160 2068 315 2182 ffiffioffiffd
329 2087 462 2170 Georgii
479 2089 648 2154 Robertus
662 2091 704 2153 de
721 2091 850 2174 Haghe‚
865 2090 979 2156 Adam
996 2092 1038 2154 de
1058 2091 1243 2167 Pudcbrolr‚
1259 2089 1428 2172 Johannes

159 2199 280 2313 lfflhi
328 2202 371 2265 de
390 2200 580 2267 Notteclive
604 2210 638 2266 et
658 2203 824 2267 Ricardus
845 2205 887 2267 de
910 2203 1108 2286 Happelege
1131 2213 1165 2267 et
1188 2203 1363 2266 Estmarus
1386 2202 1428 2264 sit

160 2330 186 2408 ip
198 2330 307 2379 erastino
328 2315 390 2378 sub
406 2315 518 2397 plegio
534 2337 706 2400 quousque
722 2317 844 2382 sciatur
858 2318 938 2400 quid
956 2319 1014 2382 fiat
1029 2319 1072 2382 de
1088 2318 1229 2384 Thoma.

160 2395 302 2524 1⁵„anoeoe
372 2427 477 2490 1Dies
500 2429 599 2492 datus
623 2439 674 2494 est
696 2430 744 2493 eis
764 2431 819 2497 die
841 2429 995 2497 Mercurii
1018 2433 1050 2494 in
1075 2431 1218 2496 crastino
1242 2431 1315 2496 See.
1338 2432 1428 2496 Mar-

328 2548 443 2623 garete
458 2541 548 2622 apud
566 2541 731 2606 Herelord
748 2551 782 2605 et
797 2551 876 2606 tunc
891 2543 1025 2610 veniant
1039 2545 1158 2608 armati
1168 2543 1189 2609 ¹.

372 2652 547 2716 ²Thomas
569 2653 720 2718 devictus
742 2663 793 2717 est
817 2663 850 2717 et
873 2654 1048 2720 obcecatus
1069 2663 1103 2719 et
1118 2655 1348 2726 ementulatus.
1382 2655 1428 2720 Et

328 2773 524 2845 preceptum
556 2773 607 2828 est
636 2765 822 2829 vicecomiti
854 2766 944 2847 quod
969 2767 1040 2848 ipse
1068 2776 1278 2829 summoneat
1301 2765 1428 2854 plegios

329 2874 523 2938 Estmarum
551 2874 618 2938 ³de
645 2875 830 2958 Nethewey
854 2877 944 2957 quod
965 2877 1027 2958 ipsi
1051 2875 1197 2942 habeant
1217 2877 1324 2957 ipsum
1348 2877 1426 2940 Est-

330 3005 458 3049 marum
483 2987 516 3048 in
541 2987 687 3050 adventu
714 2986 969 3067 justiciariorum
994 2987 1082 3067 apud
1115 2985 1357 3052 Gloucestriam
1382 2987 1425 3049 ad

329 3098 596 3179 respondendum
624 3098 803 3180 Georgium
828 3101 871 3162 de
897 3118 979 3180 pace
1003 3099 1129 3164 domini
1156 3099 1259 3183 Regis
1289 3099 1427 3165 infracta

329 3207 419 3271 unde
433 3228 509 3271 eum
524 3209 672 3291 appellat
680 3209 702 3274 ².

372 3317 570 3384 ⁴Estmarus
593 3323 636 3385 sit
655 3322 718 3385 sub
737 3323 848 3404 plegio
868 3344 1042 3406 quousque
1066 3324 1188 3390 sciatur
1209 3322 1290 3406 quid
1311 3323 1370 3390 fiat
1386 3324 1428 3389 de

331 3431 463 3496 Thoma
478 3443 540 3497 etc.
557 3433 676 3498 Postea
690 3445 851 3501 venerunt
866 3437 986 3500 armati
1005 3436 1047 3499 ad
1060 3435 1267 3518 Wigomiarn
1285 3445 1319 3500 et
1334 3437 1428 3500 duel·

330 3543 399 3606 lum
428 3565 617 3628 percussum
648 3546 710 3610 luit
736 3546 901 3612 intereos
928 3557 964 3611 et
995 3545 1144 3611 Thomas
1168 3547 1255 3612 filius
1283 3547 1429 3612 Estmari

328 3655 479 3720 devictus
494 3655 557 3720 suit
576 3667 610 3721 et
632 3657 708 3721 ideo
726 3657 887 3739 judicium
910 3657 969 3723 fiat
983 3661 1027 3725 de
1042 3680 1082 3725 eo
1098 3667 1132 3724 et
1148 3658 1250 3724 fiebat
1269 3645 1303 3726 et
1318 3659 1429 3728 amisit

330 3767 445 3832 oculos
468 3777 502 3831 et
524 3770 708 3851 pendencia
731 3767 819 3834 etc.⁴

375 3880 448 3942 88⁵.
472 3880 640 3944 Robertus
664 3882 800 3945 clericus
823 3882 954 3945 comitis
978 3880 1166 3946 Marescalli
1186 3881 1313 3945 occisus
1333 3880 1429 3946 suita

327 3992 475 4075 quodam
494 3992 640 4057 Henrico
655 3995 698 4057 de
715 3992 820 4057 Stoke
841 3993 898 4075 qui
915 4001 1032 4074 captus
1048 3991 1109 4058 fuit
1125 4014 1184 4077 pro
1201 4002 1308 4058 morte
1324 3992 1380 4059 illa
1395 4003 1429 4058 et

362 4209 439 4259 ¹··¹F
470 4228 494 4260 m
529 4251 534 4260 .

360 4291 402 4320 Η
418 4211 533 4342 ι-ἱοίτοξι
545 4296 580 4353 Βς
597 4295 667 4345 there
684 4296 705 4346 is
721 4295 828 4360 nothing
844 4294 869 4343 in
887 4295 911 4343 A
928 4293 1066 4358 answering
1083 4299 1110 4342 to
1127 4293 1184 4344 this.
1217 4293 1273 4346 The
1290 4293 1332 4344 ink
1347 4294 1429 4346 sltows

328 4375 385 4424 ruat
397 4374 436 4402 Ἀ
448 4375 468 4424 is
479 4377 621 4440 postscript.

359 4457 371 4485 ¹
388 4457 412 4507 lt
424 4456 512 4506 should
525 4457 556 4506 be
567 4459 692 4509 Estmare'.
975 4459 985 4487 ⁵
1000 4457 1048 4507 See
1059 4457 1146 4518 above,
1161 4459 1200 4510 81,
