3238 5092
423 442 485 497 DE
507 441 1053 502 COMITATUGLOUCESYRIE.
1144 477 1148 486 ·
1233 455 1294 521 109

240 610 313 670 460.
335 604 450 670 Adam
475 603 559 671 Croc
589 615 623 672 et
646 607 767 672 Davud
792 607 952 691 Dunning
974 607 1193 672 vendiderunt
1218 607 1295 672 vina

194 725 309 782 contra
324 719 461 783 assisam
476 729 510 783 et
525 719 600 784 ideo
608 719 649 814 'in
665 720 895 784 misericordia.
1306 732 1357 783 mie

239 836 311 894 461.
334 828 484 894 Amisius
519 830 550 894 le
586 831 753 896 Macecrer
787 832 922 896 divertit
956 851 1087 896 cursum
1124 853 1210 915 aque
1250 833 1293 896 de

193 938 358 1005 Fulebroc
387 941 429 1006 ad
460 952 696 1007 nocumentum
721 943 872 1007 Abbatie
904 942 938 1009 S.
966 943 1054 1008 Petri
1086 944 1173 1007 unde
1204 944 1292 1007 idem

192 1052 317 1134 profert
336 1064 443 1118 cartas
464 1053 567 1136 Regis
585 1053 719 1119 Henrici
742 1056 878 1120 senioris
901 1066 936 1120 et
957 1054 1060 1138 Regis
1084 1055 1219 1119 Henrici
1240 1057 1292 1120 avi

192 1165 319 1229 domini
342 1165 446 1247 Regis
468 1168 524 1249 qui
551 1168 772 1231 concederunt
797 1167 827 1230 ei
855 1188 914 1250 per
938 1177 1046 1231 cartas
1073 1167 1144 1231 illas
1170 1188 1291 1250 aquam

192 1277 236 1341 de
257 1275 419 1342 Fulebroc
441 1289 476 1343 et
497 1279 524 1342 si
547 1280 620 1362 quis
643 1300 772 1344 cursum
795 1280 1040 1344 tresturnaverit
1056 1281 1099 1344 sit
1117 1281 1150 1343 in
1168 1281 1292 1344 miseri·

192 1390 304 1453 cordia
326 1390 370 1453 de
388 1408 427 1452 10
446 1389 502 1455 lib.
547 1391 593 1454 Et
615 1391 765 1455 Amisius
787 1393 878 1458 venit
901 1403 935 1457 et
958 1393 1114 1474 cognovit
1134 1394 1223 1476 quod
1246 1394 1293 1456 ita

192 1501 326 1565 divertit
342 1521 471 1567 cursum
488 1513 521 1566 et
537 1503 647 1584 posuit
662 1522 698 1566 se
713 1503 746 1566 in
762 1504 984 1568 misericordia
1000 1514 1034 1568 et
1048 1523 1136 1586 aqua
1151 1515 1293 1588 ponatur
1305 1513 1357 1570 ιῖιῖι

179 1613 224 1676 ·in
241 1623 331 1678 recto
346 1634 441 1680 cursu
456 1634 516 1696 per
531 1614 653 1698 legales
667 1615 827 1680 homines.

236 1731 307 1790 462.
331 1725 496 1790 Radulfus
519 1725 657 1791 Musard
685 1728 868 1792 vicecomes
894 1727 997 1792 habet
1027 1729 1190 1811 quasdam
1217 1749 1293 1812 pur-

105 1903 109 1910 ,
190 1847 359 1920 presturas
374 1859 418 1902 ex
432 1837 534 1902 ballia
550 1838 674 1903 domini
685 1838 847 1920 Johannis
864 1840 968 1922 Regis
980 1840 1054 1904 illas
1069 1841 1193 1906 scilicet
1209 1862 1292 1924 quas

189 1947 373 2031 Joscelinus
389 1947 501 2014 Mare¹
517 1951 635 2015 tenuit.

236 2070 309 2129 463.
335 2064 501 2129 Henricus
520 2065 553 2129 le
571 2065 743 2148 Messaget
762 2073 880 2149 captus
894 2065 956 2130 suit
974 2087 1034 2149 pro
1052 2067 1242 2150 suspicione
1258 2077 1292 2132 et

190 2175 295 2240 evasit
319 2175 362 2240 de
388 2177 522 2257 prisona
544 2175 622 2241 ville
649 2185 683 2241 et
713 2177 850 2241 intravit
876 2175 1049 2242 ecclesiam
1076 2187 1110 2242 et
1136 2179 1293 2260 cognovit

188 2289 278 2371 quod
294 2287 356 2351 luit
375 2287 460 2352 latro
476 2297 510 2353 et
525 2287 689 2370 abjuravit
706 2307 845 2370 regnum
865 2298 899 2353 et
916 2287 993 2351 ideo
1009 2288 1051 2351 ad
1064 2288 1227 2371 judicium
1248 2289 1292 2352 de
1306 2289 1414 2360 [adjffd]

190 2401 277 2466 villa.

235 2522 306 2579 464.
330 2511 534 2596 Burgenses²
555 2513 655 2577 tinem
675 2512 822 2577 fecerunt
844 2532 904 2595 per
926 2523 1060 2579 centum
1083 2512 1208 2578 solidos
1231 2536 1292 2598 pro

191 2626 414 2692 misericordia
429 2647 498 2691 sua.
820 2680 825 2690 .

234 2746 306 2804 465.
329 2734 467 2826 ³[Hug0
480 2736 520 2800 de
536 2732 784 2824 Cu]llardevilla
805 2754 816 2800 1
837 2745 1070 2801 coronatorum
1094 2737 1194 2802 finem
1213 2737 1291 2803 iecit

187 2872 247 2935 per
267 2859 323 2931 40¹
346 2871 406 2933 pro
430 2849 651 2916 misericordia
681 2869 741 2914 sua
767 2858 802 2913 et
825 2859 863 2913 ut
889 2859 1085 2913 amoveatur
1108 2851 1151 2914 de
1176 2844 1290 2936 [officio

188 2961 273 3052 suo].

234 3074 303 3167 [Hi
320 3072 412 3163 sunt]
436 3085 648 3143 coronatores
670 3075 768 3142 electi
794 3076 838 3140 de
864 3074 1037 3140 Comitatu
1068 3074 1287 3155 Gloucestrie,

188 3189 305 3257 Simon
321 3191 363 3255 de
379 3189 603 3269 Matresdone,
621 3189 787 3254 Henricus
803 3190 846 3253 de
862 3238 869 3255 .
887 3239 916 3255 ..
935 3238 942 3255 .
958 3189 1001 3252 de
1018 3187 1171 3254 Slochtre
1186 3187 1248 3254 et⁴

233 3310 305 3368 466.
329 3303 432 3385 Hugo
446 3301 478 3368 le
488 3301 603 3367 Vielur
621 3311 738 3385 captus
757 3300 817 3366 fuit
835 3321 896 3384 pro
914 3300 1102 3385 suspicione
1125 3300 1287 3366 latrocinii

188 3425 222 3481 et
244 3416 335 3480 venit
354 3425 388 3480 et
406 3423 568 3479 testatum
586 3422 636 3478 est
656 3434 716 3496 per
734 3412 963 3477 vicecomitem
985 3422 1020 3477 et
1039 3412 1181 3477 ballivos
1197 3414 1287 3495 quod

187 3528 343 3610 cognovit
357 3525 567 3592 latrocinium
582 3534 616 3589 et
631 3525 765 3589 devenit
780 3523 939 3606 probator
955 3533 989 3587 et
1005 3521 1115 3606 plures
1130 3522 1289 3606 apellavit

186 3641 230 3706 de
241 3640 400 3705 societate
411 3636 534 3703 scilicet
543 3635 729 3699 Walterum
741 3635 784 3698 de
796 3633 891 3698 Bello
904 3635 1023 3699 Monte
1035 3644 1068 3698 et
1081 3634 1191 3716 plures
1205 3635 1289 3699 alios

185 3775 299 3820 coram
313 3751 563 3818 coronatoribus
579 3759 612 3813 et
628 3758 840 3813 coronatores
856 3747 921 3812 hoc
936 3756 1102 3813 testantur
1117 3757 1150 3812 et
1167 3747 1289 3812 milites

186 3868 231 3932 de
253 3864 412 3931 comitatu
433 3862 592 3940 similiter,
609 3871 643 3926 et
665 3861 741 3925 ideo
764 3860 888 3926 habeat
902 3859 1062 3943 judicium
1084 3879 1180 3922 suum
1204 3859 1288 3924 sicut

187 3978 364 4043 convictus.

231 4086 419 4151 Willelmus
432 4085 581 4152 Lichtsot
591 4095 708 4168 captus
719 4084 782 4149 suit
794 4085 827 4148 in
844 4084 1003 4149 societate
1016 4083 1154 4166 predicti
1168 4083 1202 4146 H
1207 4104 1287 4166 ugo·

187 4201 290 4292 nisuet
311 4220 377 4264 non
402 4198 633 4264 malecreditur
652 4208 686 4264 et
707 4197 781 4262 ideo
804 4199 848 4264 sit
867 4197 928 4262 sub
946 4195 1077 4280 plegi03
1100 4197 1201 4280 plegii
1218 4197 1288 4279 ejus

220 4375 227 4404 ¹
247 4373 325 4434 Mar',
338 4371 450 4438 possibly
460 4371 633 4422 Manscallus.

219 4455 328 4535 ‘lazari¹
1064 4465 1180 4515 ³vorin
1194 4465 1221 4513 Β.
1339 4522 1343 4531 ,

221 4553 228 4580 ¹
245 4552 326 4617 Space
337 4565 416 4604 seems
427 4549 472 4602 leit
485 4549 523 4599 sor
534 4563 549 4599 a
561 4547 645 4600 fourth
656 4563 736 4599 name.
