3238 5092
442 442 502 497 DE
524 441 749 499 COMITATU
768 440 1063 497 GLOUCESTRIE.
1181 477 1183 482 ,
1262 441 1303 512 57

205 607 307 671 domo
330 603 385 670 illa
406 605 493 689 capti
516 606 646 670 fuerunt
666 626 727 689 pro
750 615 856 670 morte
877 604 932 669 illa
953 613 987 670 et
1002 603 1131 669 liberati
1148 601 1246 668 Gioni
1262 604 1305 667 de

206 715 403 782 Cancelliis¹
418 727 497 782 tunc
519 716 761 782 constabulario
783 715 917 791 castri²;
940 726 991 780 set
1013 716 1056 779 de
1077 716 1168 778 exitu
1189 735 1303 779 eorum

205 827 309 892 nichil
324 828 442 893 sciunt.
480 828 525 892 Et
541 828 668 891 Editha
684 848 749 891 non
766 827 998 891 malecreditur
1012 829 1055 890 de
1071 835 1178 890 morte
1193 825 1257 904 illa,
1270 835 1304 890 et

206 941 282 1006 ideo
305 940 422 1005 eadem
446 941 522 1004 inde
544 941 675 1022 quieta3
702 949 736 1003 et
758 939 836 1022 quia
860 936 1098 1021 Englescheria
1120 939 1218 1002 occisi
1238 959 1303 1002 non

206 1052 268 1117 luit
284 1061 473 1136 presentata
488 1053 564 1116 ideo
585 1053 774 1126 murdrum;
797 1061 830 1115 et
849 1050 891 1113 ad
909 1050 1070 1132 judicium
1092 1050 1135 1114 de
1150 1049 1303 1133 Philippo
1316 1048 1400 1110 ffiffir
1445 1091 1450 1096 -
1494 1137 1498 1145 .

206 1167 250 1230 de
270 1141 460 1230 Oxendone
481 1184 547 1227 uno
569 1164 612 1227 de
639 1163 839 1244 juratoribus
861 1163 918 1244 qui
942 1163 1029 1225 dixit
1052 1162 1141 1244 quod
1164 1162 1304 1244 predicti
1317 1169 1438 1250 adju'iffi

207 1276 274 1340 duo
289 1275 440 1339 homines
455 1274 627 1339 deliberati
643 1273 776 1339 luerunt
793 1294 853 1356 per
868 1271 1085 1339 comitatum³
1100 1272 1203 1337 etalii
1219 1291 1254 1335 11
1270 1281 1304 1337 et

207 1387 382 1452 comitatus
397 1388 426 1451 ei
442 1386 599 1450 deficiunt
609 1383 633 1448 ⁴.

251 1504 325 1562 239.
348 1497 580 1562 Malesactores
608 1505 769 1562 venerunt
792 1496 836 1560 de
866 1505 963 1560 nocte
993 1494 1037 1560 ad
1068 1497 1205 1561 domum
1237 1497 1305 1560 Ra·

206 1609 288 1674 dulfi
302 1610 412 1674 Kasse
426 1618 459 1673 et
475 1609 667 1674 occiderunt
680 1607 895 1691 Raginildam
911 1627 1050 1672 uxorem
1062 1629 1156 1672 suam
1172 1617 1206 1692 et
1221 1610 1305 1673 duas

206 1720 291 1785 filias
321 1741 415 1796 suas3
460 1729 494 1785 et
524 1720 667 1784 nescitur
696 1720 752 1801 qui
792 1719 854 1800 ipsi
879 1718 1026 1802 lueruntg
1070 1719 1305 1802 Englescheria

207 1833 353 1914 ipsorum
392 1852 459 1895 non
500 1831 562 1896 suit
601 1838 799 1914 presentata,
829 1829 906 1894 ideo
946 1831 1125 1894 murdrum.
1186 1831 1232 1895 Et
1265 1826 1400 1894 affin

204 1942 368 2024 juratores
405 1943 438 2005 in
476 1942 699 2006 misericordia
736 1962 796 2024 pro
833 1940 916 2005 salsa
957 1942 1208 2025 presentacione
1245 1953 1368 2026 pernili

207 2054 290 2118 alios
321 2074 421 2136 quam
448 2075 507 2138 per
534 2054 609 2119 illos
638 2055 695 2136 qui
727 2054 938 2118 nominantur
968 2055 1001 2116 in
1032 2053 1140 2118 rotulo
1169 2075 1304 2119 corona·

206 2172 327 2229 torum.

253 2285 326 2341 240.
357 2279 518 2344 Ricardus
555 2281 598 2343 de
622 2278 765 2361 Templo
794 2278 838 2343 de
868 2278 1056 2343 Botindone
1086 2287 1120 2342 et
1157 2278 1306 2342 Thomas

208 2387 294 2452 filius
323 2390 464 2455 Aldithe
496 2392 540 2455 de
569 2390 716 2455 Burtone
748 2390 902 2474 sugerunt
937 2410 998 2472 pro
1028 2390 1116 2454 malo
1147 2399 1242 2470 retto,
1272 2399 1306 2455 et

207 2508 367 2564 testatum
394 2512 445 2566 est
474 2511 544 2567 tam
574 2522 634 2584 per
663 2501 785 2566 milites
813 2501 961 2584 jurat0s⁶
991 2501 1034 2565 de
1063 2501 1235 2565 hundredo
1263 2503 1306 2566 de

208 2601 382 2677 Dierherst
405 2633 505 2696 quam
531 2633 591 2694 per
617 2611 690 2675 illos
719 2614 762 2677 de
784 2611 1002 2676 Teolresbiria
1023 2613 1114 2695 quod
1136 2613 1199 2696 ipsi
1229 2621 1307 2676 sunt

208 2722 446 2800 malefactores,
470 2733 504 2788 et
524 2723 599 2787 ideo
622 2724 799 2805 exigantur
821 2731 856 2787 et
877 2723 1077 2805 utlagentur.
1318 2725 1376 2798 Eg

254 2840 327 2896 241.
339 2829 423 2922 [B]⁰
447 2835 551 2917 Elyas
570 2836 612 2898 de
627 2835 735 2898 Nasse
755 2843 871 2917 captus
893 2833 956 2899 luit
977 2855 1037 2917 pro
1056 2833 1144 2898 malo
1165 2841 1251 2900 retto
1272 2843 1306 2899 et

207 2944 390 3009 vicecomes
413 2945 579 3010 commisit
601 2965 677 3009 eum
693 2945 846 3027 Philippo
869 2944 900 3008 la
923 2944 1084 3028 prophete
1107 2955 1141 3009 et
1159 2948 1306 3010 decenne

209 3075 268 3118 sue
284 3058 316 3120 in
332 3058 481 3122 custodia
496 3057 641 3122 habendi
654 3077 729 3121 eum
741 3077 853 3122 coram
865 3057 1052 3139 justiciariis
1068 3058 1110 3121 ad
1125 3059 1306 3121 summoni-

209 3168 338 3232 cionem
359 3188 452 3233 suam
476 3177 510 3233 et
534 3169 706 3252 Philippus
729 3188 863 3250 presens
884 3169 945 3232 luit
962 3178 996 3233 et
1015 3168 1078 3233 hoc
1098 3169 1254 3252 cognovit
1272 3178 1306 3233 et

210 3279 289 3343 dicit
311 3280 401 3362 quod
425 3281 495 3362 ipse
515 3289 566 3345 est
586 3301 681 3345 cruce
703 3279 851 3364 signatus
871 3290 905 3344 et
921 3281 983 3344 iter
998 3301 1092 3343 suum
1108 3281 1244 3362 arripuit
1259 3280 1305 3345 ita
1317 3287 1405 3339 custod

210 3390 299 3474 quod
323 3412 390 3455 non
411 3401 522 3474 potest
544 3391 667 3456 habere
689 3412 765 3456 eum
788 3401 902 3468 recto;
925 3402 959 3457 et
981 3393 1052 3476 ipse
1076 3393 1307 3457 malecreditur

210 3522 270 3586 per
291 3519 330 3568 12
349 3502 511 3584 juratores
532 3512 566 3567 et
588 3504 663 3567 ideo
685 3503 840 3585 exigatur
858 3512 891 3567 et
914 3502 1084 3587 Philippus
1103 3514 1137 3568 et
1157 3503 1307 3586 tethinga

211 3623 267 3687 illa
289 3607 417 3689 custffi.
463 3624 567 3706 Elyas
590 3643 656 3688 non
683 3623 800 3688 habuit
822 3622 941 3698 catalla
964 3632 997 3688 et
1019 3623 1080 3687 suit
1102 3625 1136 3687 in
1158 3625 1307 3688 decenna

210 3735 350 3818 predicti
373 3732 514 3818 Philippi
538 3744 572 3798 et
594 3734 669 3798 ideo
692 3735 726 3797 in
749 3734 979 3799 misericordia.
1320 3743 1371 3792 mia

244 4003 635 4077 ¹camffincraunceauss.
958 4011 1242 4065 ’arimenum

245 4116 255 4147 ¹
264 4122 315 4180 per
329 4103 380 4164 ιῖἧι
392 4117 416 4165 Α
428 4116 457 4165 Β.

244 4213 252 4244 ¹
268 4223 293 4264 et
301 4215 352 4264 alii
360 4227 387 4264 11
394 4215 455 4279 jur.
467 4213 510 4263 hor
520 4213 672 4264 dedimam
681 4219 706 4264 et
715 4208 790 4264 romi?
798 4213 919 4264 simililer
929 4220 953 4264 et
964 4213 1015 4263 ideo
1027 4213 1056 4262 r'n
1068 4213 1238 4264 mr'scrr'cordr'a
1250 4212 1272 4263 B

245 4305 317 4376 'W
326 4311 455 4362 interlined
467 4311 529 4361 aner
540 4312 633 4362 milites
644 4312 669 4360 in
681 4312 719 4367 A;
737 4311 762 4360 in
776 4318 827 4362 text
839 4312 870 4361 oi
879 4312 907 4362 B.

244 4393 255 4423 ⁸
270 4393 332 4443 This
343 4399 414 4458 entry
424 4393 474 4442 had
486 4408 502 4443 a
513 4393 625 4443 different
636 4393 708 4459 place
720 4393 745 4444 in
756 4395 797 4452 Ar
813 4408 854 4444 see
865 4394 952 4453 above,
965 4393 1015 4443 No.
1030 4407 1084 4458 ²²9·
