3234 5072
449 433 509 486 DE
532 432 756 488 COMITAYU
776 434 1073 494 GLOUCESTRIE.
1273 445 1309 509 17

255 596 509 662 Consideratum
535 607 586 662 est
611 600 701 681 quod
729 598 856 664 nullum
884 609 934 664 est
957 599 1126 683 appellum
1150 601 1312 665 intereos

209 730 270 793 pro
286 709 459 775 disseisina
478 731 578 793 quarn
593 711 764 792 Johannes
779 711 850 777 vult
865 713 957 795 sequi
972 737 980 791 ;
1005 722 1038 777 et
1054 713 1129 777 ideo
1146 712 1312 777 Martinus

210 831 265 886 eat
288 823 366 887 inde
392 823 463 887 sine
489 823 554 900 die,
581 833 615 888 et
647 822 807 889 Nicholas
836 825 870 888 in
901 826 1123 890 misericordia
1145 845 1204 907 pro
1228 825 1376 893 salsom'i·

213 934 379 1012 clamore3
403 956 462 1018 per
476 935 623 1018 plegium
640 936 800 1001 Willelmi
817 937 859 1002 de
876 938 932 1001 Fil
934 937 1020 1003 hide.

256 1047 343 1112 Item
355 1047 525 1130 Johannes
540 1048 688 1132 appellat
704 1051 746 1114 de
761 1049 863 1114 loreia
878 1049 1148 1115 illaWillelmum
1164 1051 1312 1134 preposi-

211 1167 333 1223 tumet
351 1158 557 1226 Willelmum
575 1159 759 1225 Messorem
775 1171 809 1226 et
825 1161 886 1244 ipsi
908 1183 974 1226 non
990 1172 1162 1239 venemnt‚
1181 1172 1214 1227 et
1238 1163 1312 1227 the·

211 1271 327 1355 thinga
347 1292 407 1335 sua
428 1272 515 1355 cepit
532 1272 566 1336 in
589 1293 723 1337 manum
746 1274 892 1337 habendi
914 1294 980 1349 eos,
997 1285 1031 1339 et
1055 1295 1121 1338 non
1142 1275 1259 1339 habuit
1278 1283 1312 1339 et

211 1385 287 1448 ideo
314 1384 347 1446 in
374 1382 606 1449 misericordia.
653 1385 698 1449 Et
725 1386 802 1469 quia
833 1385 920 1450 istud
951 1386 1121 1468 appellum
1144 1386 1313 1469 dependet

212 1497 255 1560 de
281 1495 347 1560 alio
373 1495 517 1580 appello,
544 1499 634 1580 quod
662 1519 729 1562 non
751 1497 851 1581 jacet,
875 1499 1119 1562 consideratum
1147 1508 1198 1564 est
1221 1500 1311 1582 quod

211 1606 383 1688 Johannes
410 1609 442 1672 in
470 1609 695 1673 misericordia
721 1630 782 1692 pro
811 1609 896 1674 salso
924 1610 1067 1692 appello
1094 1619 1127 1675 et
1153 1611 1209 1674 alii
1234 1612 1312 1675 inde
1324 1622 1375 1672 mia

212 1720 334 1802 quieti;
358 1719 457 1803 plegii
473 1720 634 1802 Johannis
645 1720 813 1786 Walterus
829 1722 872 1786 de
887 1721 1076 1787 Burchtone
1093 1723 1194 1788 lrater
1208 1744 1297 1790 suus.

255 1831 314 1897 Ad
331 1831 492 1915 judicium
516 1834 558 1897 de
569 1832 769 1914 juratoribus
789 1834 845 1916 qui
868 1834 1121 1899 concelaverunt
1141 1834 1311 1918 appellum
1325 1843 1358 1896 ud
1366 1839 1421 1910 J‘h'n

213 1943 303 2009 illud.

260 2065 298 2118 72
309 2055 329 2121 ¹.
362 2056 543 2122 Gilibertus
575 2059 685 2141 Tuggi
723 2058 843 2122 occidit
874 2058 1090 2123 Eumolotam
1121 2059 1164 2124 de
1188 2058 1313 2124 Swine·

215 2167 357 2246 sheved3
388 2179 422 2234 et
452 2179 570 2253 captus
600 2180 659 2249 est,
681 2180 715 2235 et
737 2172 892 2252 cognovit
916 2170 1004 2253 quod
1029 2171 1255 2247 eumoccidit,
1279 2180 1314 2236 et

214 2280 299 2345 ideo
314 2282 544 2363 suspendatur.

260 2391 331 2456 7³².
355 2390 525 2476 Philippus
549 2395 592 2458 de
614 2391 747 2477 Egham
775 2415 976 2478 cognoscens
999 2416 1035 2460 se
1057 2416 1128 2460 esse
1150 2396 1313 2461 latronem
1327 2404 1401 2456 wiri

214 2503 362 2587 appellat
378 2503 582 2569 Willelmum
603 2506 706 2570 filium
724 2506 862 2571 Roberti
886 2510 928 2572 de
945 2508 1201 2572 Dimescherche
1223 2510 1314 2592 quod

215 2616 301 2679 latro
325 2625 375 2680 est
391 2625 424 2680 et
440 2618 546 2680 socius
569 2639 647 2682 suus
662 2619 706 2682 de
721 2618 893 2683 latrocinio
915 2620 961 2683 ita
985 2621 1074 2703 quod
1098 2620 1196 2684 simul
1217 2619 1315 2684 iurati

216 2727 347 2792 luerunt
369 2728 452 2792 duos
476 2749 577 2810 equos
600 2737 634 2793 et
656 2731 739 2794 duas
761 2750 877 2795 vaccas
900 2739 933 2796 et
957 2751 1056 2794 unam
1073 2731 1260 2813 jumentam
1281 2733 1315 2795 in

214 2841 341 2924 campis
353 2839 451 2922 juxta
468 2840 635 2906 Lilletone
654 2851 688 2908 et
709 2842 782 2907 illos
797 2843 1016 2908 vendiderunt
1033 2864 1093 2926 pro
1109 2853 1160 2926 15¹
1176 2841 1211 2908 πᾶ
1225 2844 1315 2908 unde

216 2952 305 3016 idem
319 2952 506 3018 Willelmus
522 2952 641 3018 habuit
655 2963 809 3037 quartam
825 2964 955 3038 partem
970 2957 1012 3020 ad
1025 2965 1154 3038 partem
1170 2976 1264 3020 suam
1281 2964 1316 3020 et

214 3064 278 3129 hoc
296 3064 394 3129 offert
409 3065 551 3147 probare
570 3086 684 3129 versus
705 3085 780 3130 eum
797 3088 856 3150 per
874 3087 993 3152 corpus
1009 3089 1105 3132 suum
1122 3068 1207 3133 sicut
1227 3068 1316 3133 curia

216 3177 480 3243 consideraverit.
518 3177 565 3241 Et
580 3177 770 3243 Willelmus
785 3180 878 3243 venit
894 3190 927 3244 et
943 3179 1091 3246 defendit
1106 3180 1315 3246 latrocinium

217 3298 250 3353 et
262 3289 457 3354 societatem
473 3297 508 3353 et
519 3298 627 3353 totum
643 3290 686 3353 de
700 3291 802 3354 verbo
815 3291 849 3354 in
863 3293 1000 3356 verbum
1013 3313 1072 3375 per
1087 3311 1204 3375 corpus
1219 3313 1315 3356 suum

215 3404 300 3468 sicut
333 3402 423 3467 curia
459 3402 721 3467 consideraverit.
766 3402 813 3466 Et
843 3423 910 3466 non
943 3403 1109 3467 invenitur
1138 3404 1172 3467 in
1202 3404 1315 3469 franco

216 3515 328 3598 plegio
352 3535 412 3578 nec
435 3513 554 3596 aliquis
577 3513 721 3597 loquitur
741 3534 802 3597 pro
825 3535 875 3590 e0‚
898 3525 932 3578 et
954 3514 1145 3597 simpliciter
1166 3515 1316 3581 defendit

215 3647 274 3707 se;
305 3636 338 3691 et
362 3627 437 3691 ideo
458 3627 700 3692 consideratum
726 3637 776 3690 est
798 3626 889 3708 quod
913 3626 1060 3690 duellum
1083 3628 1126 3690 sit
1149 3627 1235 3690 inter
1256 3647 1314 3691 eos
1329 3632 1462 3699 [duellum]

216 3749 250 3805 et
266 3739 452 3805 Willelmus
475 3741 533 3803 det
552 3741 687 3803 vadium
709 3737 910 3803 defendendi
934 3759 970 3802 se
992 3747 1026 3802 et
1050 3735 1220 3820 Philippus
1240 3757 1315 3822 pro-

215 3852 316 3917 bandi
329 3879 337 3931 ;
361 3853 488 3935 plegius
504 3870 617 3916 eorum
632 3849 740 3934 gaola.

259 3963 429 4030 Veniunt³
445 3963 499 4028 die
522 3963 617 4028 Lune
639 3961 767 4028 armati.
813 3961 986 4046 Philippus
1007 3962 1178 4028 convictus
1204 3973 1254 4028 est
1281 3972 1315 4027 et

249 4143 258 4172 ¹
275 4143 365 4193 Notio
377 4144 406 4193 B.
594 4141 604 4171 ¹
621 4141 748 4208 Margintl
758 4146 836 4202 notes,
849 4141 899 4190 and
910 4158 926 4191 a
938 4140 984 4192 lew
996 4141 1079 4192 words
1089 4155 1131 4192 ure
1143 4140 1206 4192 from
1219 4143 1247 4193 B.

248 4224 258 4254 ⁸
275 4226 337 4276 This
356 4224 480 4291 probably
497 4239 550 4274 was
568 4225 665 4274 written
683 4224 746 4274 alter
764 4223 832 4273 what
850 4223 949 4274 follows
968 4238 996 4272 as
1016 4229 1043 4274 to
1061 4223 1104 4273 the
1121 4223 1194 4274 other
1210 4225 1315 4290 nppenls

215 4308 326 4373 brought
337 4309 372 4373 by
383 4307 432 4358 this
444 4306 535 4372 Philip.
570 4306 626 4356 The
639 4307 735 4356 version
747 4306 772 4355 in
785 4305 806 4355 B
817 4305 840 4355 is
851 4306 900 4356 this
908 4305 1012 4356 r-Dies
1022 4305 1097 4356 datus
1110 4313 1146 4355 est
1159 4307 1194 4356 eis
1204 4305 1244 4357 die
1255 4309 1315 4358 lune

211 4391 332 4458 proxima
345 4397 402 4455 post
409 4391 507 4455 sisium
519 4389 682 4453 apostolomm
699 4389 773 4438 Petri
782 4395 806 4439 ci
816 4389 897 4438 Pauli
909 4395 933 4438 et
945 4395 1006 4437 tunc
1021 4387 1126 4438 veniant
1141 4390 1240 4439 amiati
1249 4391 1316 4456 pleg'

215 4489 301 4525 eorum
313 4473 431 4536 ingavia.
459 4471 594 4535 Philippus
604 4470 729 4519 convictus
739 4477 775 4519 est
784 4477 808 4520 et
817 4477 956 4534 suspensus.
989 4471 1027 4520 Et
1044 4471 1183 4522 Willelmus
1200 4471 1316 4523 inveniat

211 4558 305 4621 plegios
315 4563 338 4606 e!
348 4555 504 4604 custodiatur
514 4553 624 4603 inten'm.

758 4637 776 4681 0
