3238 5092
287 401 348 450 102
646 387 829 443 PLACJTA
855 386 1021 444 CORONE

283 553 409 620 domini
427 552 531 636 Regis
546 552 578 616 in
593 551 802 636 crespusculo
817 572 878 636 per
891 551 1061 636 quandam
1076 549 1165 615 diem
1182 548 1381 616 dominicam

284 687 349 750 que
371 666 433 729 fuit
454 685 514 750 per
535 673 603 730 trec
626 665 827 749 septimanas
850 673 930 729 ante
956 662 1080 730 Natale
1106 664 1192 729 circa
1216 681 1256 729 12
1278 683 1384 728 annos

285 779 415 863 elapsos
435 779 469 842 in
492 779 600 842 reditu
620 779 663 843 de
681 777 825 860 quadam
849 777 984 842 cervisia
998 775 1009 814 ¹
1022 797 1087 860 que
1106 775 1169 840 suit
1186 775 1230 840 ad
1246 776 1384 840 domum

286 911 351 974 que
374 890 437 955 luit
451 889 610 953 Willelmi
631 889 674 954 de
691 885 804 953 Paris1
827 887 884 954 et²
903 909 979 953 eum
1002 887 1244 954 assaltaverunt
1264 898 1299 954 et
1317 897 1386 951 tres

287 1003 403 1088 plagas
419 1003 448 1068 ei
464 1002 612 1067 lecerunt
626 1002 660 1066 in
675 1002 785 1084 capite
807 1011 842 1066 et
862 1019 875 1062 1
893 1000 1027 1084 plagam
1048 1003 1082 1065 in
1102 1002 1236 1066 sinistro
1250 999 1385 1065 brachio

287 1118 335 1180 ita
356 1115 447 1198 quod
469 1115 499 1178 ei
518 1114 734 1178 brusaverunt
756 1133 895 1196 parvum
913 1133 1026 1177 ossum
1046 1111 1195 1195 ejusdem
1211 1111 1336 1176 brachii
1352 1119 1387 1175 et

287 1227 432 1311 quinque
448 1225 571 1291 solidos
595 1225 624 1289 ei
644 1225 842 1290 robaverunt
863 1225 895 1288 in
914 1225 1056 1289 denariis
1071 1233 1105 1288 et
1120 1225 1168 1288 ita
1182 1222 1282 1288 eum³
1296 1223 1388 1305 quod

287 1340 382 1404 illum
412 1319 614 1421 reliquerunt
643 1347 680 1402 ut
710 1338 919 1420 crediderunt
950 1345 1116 1401 mortuum
1144 1345 1178 1401 et
1203 1335 1268 1399 hoc
1292 1334 1389 1398 offert

289 1452 430 1536 probare
440 1473 552 1516 versus
568 1452 674 1536 ipsum
688 1451 822 1516 Petrum
837 1471 896 1535 per
911 1471 1030 1535 corpus
1046 1470 1141 1516 snum
1156 1460 1219 1516 etc.
1229 1458 1267 1513 ut
1279 1469 1390 1513 versus

289 1565 382 1630 illum
398 1565 455 1648 qui
471 1563 550 1629 fecit
565 1566 595 1628 ei
610 1564 725 1649 plagas
741 1563 821 1644 illae,
837 1574 898 1629 etc.

334 1677 380 1742 Et
411 1677 528 1741 Petrus
558 1676 706 1742 defendit
732 1678 847 1762 plagas
874 1687 908 1742 et
937 1675 1093 1742 feloniam
1120 1684 1155 1740 et
1174 1675 1334 1740 assaltum
1357 1680 1392 1737 et

292 1788 454 1853 roberiam
477 1798 511 1853 et
532 1789 688 1872 quicquid
709 1791 752 1855 ad
774 1809 928 1854 coronam
955 1788 1081 1852 domini
1109 1788 1213 1871 Regis
1237 1785 1393 1869 pertinet.

291 1899 380 1965 ⁴Set
395 1899 570 1965 veritatem
592 1899 664 1965 vult
684 1921 891 1984 cognoscere.
937 1899 1113 1985 Contigit⁴
1134 1899 1224 1983 quod
1247 1897 1392 1983 quedam

291 2012 428 2078 cervisia
445 2012 609 2077 brasciata
631 2012 692 2076 luit
716 2013 748 2076 in
771 2014 873 2076 domo
894 2033 954 2076 sua
975 2013 1107 2096 propria
1127 2020 1161 2075 et
1181 2012 1271 2075 idem
1291 2009 1394 2090 Hugo

291 2123 338 2188 ibi
352 2123 415 2188 fuit
430 2132 463 2188 et
479 2124 648 2205 Johannes
662 2124 789 2189 Vinseli
810 2134 844 2189 et
865 2125 968 2208 Hugo
989 2122 1095 2207 Scrop
1112 2123 1264 2187 similiter
1282 2133 1316 2188 et
1331 2117 1395 2202 ipsi

292 2231 410 2320 po'stea
427 2233 642 2318 litigaverunt
657 2237 841 2301 adinvicem
862 2237 896 2300 in
918 2238 1020 2301 domo
1040 2235 1189 2319 predicta
1208 2245 1258 2300 set
1282 2246 1395 2302 tamen

293 2356 498 2412 recesserunt
521 2348 598 2413 inde
615 2329 655 2412 et
677 2349 710 2412 in
733 2369 863 2414 recessu
882 2369 1005 2425 eorum,
1022 2350 1092 2432 ipse
1113 2348 1230 2414 clausit
1249 2348 1395 2412 hostium

294 2460 414 2525 domus
429 2479 488 2524 sue
503 2469 538 2524 et
561 2460 667 2524 noluit
682 2479 757 2526 cum
777 2460 825 2523 eis
844 2461 936 2525 exire
951 2469 986 2526 et
1000 2461 1079 2542 quia
1094 2460 1200 2526 noluit
1215 2461 1306 2524 exire
1321 2481 1396 2525 cum

294 2591 335 2635 eo
350 2572 394 2636 ad
409 2572 666 2637 auxiliandum⁵
692 2573 836 2638 minatus
859 2573 921 2637 suit
944 2573 974 2638 ei
995 2574 1085 2656 quod
1107 2592 1184 2637 eum
1206 2570 1398 2657 appellaret.

296 2683 369 2748 οΕῐ
387 2683 431 2748 de
450 2684 513 2750 hoc
534 2686 625 2769 quod
640 2705 755 2750 verum
775 2685 819 2750 sit
839 2665 929 2769 quod
951 2686 1021 2770 ipse
1040 2685 1188 2770 appellat
1205 2705 1264 2767 per
1284 2685 1398 2748 odium

297 2785 332 2861 et
361 2816 420 2880 per
448 2817 583 2861 causam
617 2798 800 2882 predictam
833 2798 929 2862 offert
963 2819 1087 2882 ponere
1116 2819 1152 2863 se
1182 2816 1280 2880 super
1307 2816 1400 2860 vere·

297 2907 461 2986 dictum⁸;
491 2917 526 2974 et
547 2910 576 2973 si
597 2908 661 2974 hoc
684 2927 750 2974 non
776 2910 894 2975 sufficit
923 2910 1018 2974 offert
1047 2910 1225 2975 defendere
1254 2908 1401 2973 sesicut

297 3019 387 3086 curia
409 3020 671 3086 consideraverit.

344 3132 391 3196 Et
416 3133 566 3215 quesitus
591 3152 692 3216 quarn
720 3142 844 3198 sectam
865 3134 936 3218 ipse
959 3134 1045 3212 iecit,
1072 3134 1265 3217 dicitquod
1287 3133 1402 3198 statim

302 3253 379 3328 post
394 3243 519 3308 iactum
534 3244 623 3309 istud
640 3253 860 3310 monstratum
876 3245 938 3311 luit
954 3247 1202 3312 coronatoribus
1211 3245 1288 3311 ville
1300 3244 1403 3310 Glou-

303 3357 420 3421 cestrie
435 3366 468 3421 et
483 3366 601 3440 postea
616 3358 658 3422 ad
678 3357 870 3441 proximum
885 3359 1092 3423 comitatum.

348 3469 395 3534 Et
410 3478 620 3534 coronatores
638 3477 804 3536 testantur
825 3469 916 3553 quod
936 3469 980 3534 ad
1001 3471 1192 3552 proximum
1208 3470 1405 3536 comitatum

304 3581 361 3664 qui
380 3581 441 3645 suit
453 3589 530 3664 post
546 3581 669 3645 Natale
683 3591 760 3665 post
775 3581 899 3646 iactum
916 3582 1005 3646 istud
1020 3583 1111 3646 venit
1127 3581 1198 3665 ipse
1209 3591 1242 3647 et
1258 3583 1407 3647 ostendit

305 3691 421 3777 plagas
441 3713 519 3757 suas
541 3703 689 3759 recentes
711 3694 795 3759 sicut
809 3695 994 3778 predictum
1011 3701 1062 3758 est
1080 3694 1112 3758 in
1129 3694 1229 3777 pleno
1245 3694 1406 3759 comitatu

306 3811 342 3868 et
356 3804 536 3890 appellavit
555 3805 740 3890 predictum
762 3805 898 3870 Petrum
920 3806 963 3870 de
980 3804 1069 3870 iacto
1092 3815 1126 3870 et
1148 3805 1352 3871 Wilekinum
1373 3815 1410 3871 et

305 3915 389 3982 alios
411 3917 454 3982 de
475 3916 518 3982 vi

351 4029 397 4094 Et
419 4029 498 4112 quia
520 4027 589 4113 ipse
609 4027 686 4093 lecit
708 4037 833 4093 sectam
857 4049 951 4094 suam
974 4029 1203 4110 sufficientem,
1222 4029 1410 4095 considera·

341 4178 379 4209 ¹·¹
395 4178 530 4230 interlined
542 4181 568 4230 in
579 4179 641 4230 both
653 4178 721 4229 rolla.
803 4177 813 4208 ²
830 4179 955 4244 Probably
966 4197 982 4231 a
994 4181 1083 4232 verbis
1094 4181 1205 4245 wanting
1215 4181 1241 4230 in
1251 4179 1315 4230 both
1323 4179 1393 4230 rolls.

341 4264 352 4294 ⁸
367 4261 441 4313 Some
456 4264 517 4313 'verb
533 4269 600 4312 must
616 4262 649 4312 be
666 4261 769 4327 missing
784 4261 811 4312 in
827 4263 866 4318 A;
882 4262 904 4311 B
919 4261 1004 4314 hasce
1019 4265 1057 4314 ita
1073 4281 1130 4315 eum
1146 4269 1331 4314 atormverunt
1346 4261 1416 4328 quod

309 4359 367 4396 eum
379 4344 538 4411 reliquerunt
549 4351 679 4396 mortum
688 4345 923 4410 mrpuraverunr.

343 4423 384 4456 ⁴·⁴
399 4432 534 4477 reinerum
546 4425 988 4496 vultdr'cereetdicitquodcontfflt
999 4429 1027 4480 B.
1254 4428 1304 4477 ⁵ei
1315 4428 1344 4477 B.

344 4505 384 4578 Η
400 4516 424 4560 et
434 4509 502 4576 quod
509 4509 552 4560 loc
562 4525 652 4560 verm
663 4510 697 4560 sit
707 4509 778 4576 offlrt
783 4515 876 4577 ponere
886 4527 911 4562 se
921 4518 997 4577 supcr
1007 4512 1134 4562 orinatum
1145 4527 1220 4562 suum
1231 4517 1273 4562 etc.
