3238 5092
328 415 389 478 108
686 427 868 484 PLACITA
893 429 1060 488 COROA'E

320 609 419 672 snper
437 588 584 671 juratam
606 593 697 675 quod
723 594 769 657 ibi
795 615 862 658 non
884 595 946 660 luit
968 616 1030 660 nee
1050 617 1110 679 per
1133 617 1209 660 eum
1230 595 1422 688 vulneratus

320 700 392 764 luit
429 700 440 738 ¹
454 702 575 766 Postea
583 716 744 769 venemnt
755 727 873 772 omnes
883 718 918 772 et
926 719 1101 791 ponuntse
1114 711 1148 773 in
1164 709 1422 774 misericordiam

319 815 505 895 perdonum
523 837 584 898 pro
597 827 795 900 paupertate
803 815 827 883 ¹.

256 945 262 956 ·
366 932 438 990 456.
462 927 613 991 Ecclesia
635 927 671 992 S.
692 929 799 993 hlarie
821 930 855 993 in
876 931 989 994 modio
1007 931 1082 996 vico
1104 941 1156 996 est
1174 932 1219 996 de
1238 934 1423 1000 donacione

320 1037 447 1100 domini
464 1038 568 1121 Regis
582 1050 618 1104 et
628 1039 818 1105 Willelmus
834 1041 1022 1127 Horhengh
1040 1042 1132 1107 illam
1151 1042 1253 1109 habet
1267 1066 1311 1109 ex
1329 1044 1422 1110 dono

318 1149 445 1212 domini
461 1150 566 1233 Regis
578 1151 751 1232 Johannis

365 1259 517 1326 Ecclesia
532 1261 567 1327 S.
580 1261 754 1328 Trinitatis
768 1264 888 1328 eodem
902 1264 1005 1327 modo
1025 1265 1068 1328 de
1090 1265 1274 1330 donacione
1293 1265 1421 1330 domini

325 1371 429 1456 Regis
465 1383 500 1438 et
529 1373 688 1440 Decanus
721 1376 765 1440 de
795 1375 956 1441 Barsham
989 1376 1081 1440 illam
1110 1376 1212 1440 habet
1248 1397 1293 1440 ex
1328 1376 1421 1441 dono

318 1483 477 1566 ejusdem.

365 1597 517 1661 Ecclesia
537 1597 573 1663 S.
592 1599 748 1664 Nicholai
770 1600 889 1664 eodem
912 1604 1013 1666 modo
1035 1612 1070 1666 et
1084 1599 1272 1664 Willelmus
1292 1598 1421 1663 Cucuel

317 1707 409 1771 illam
423 1718 517 1774 tenet
530 1730 574 1773 ex
590 1710 681 1775 dono
695 1711 822 1776 domini
838 1712 942 1796 Regis
956 1723 1009 1777 set
1023 1713 1209 1797 Burgenses
1223 1708 1420 1796 apponunt²

317 1819 474 1883 clamium
489 1843 596 1887 suum.

364 1939 436 1996 457.
480 1931 535 1997 De
555 1935 694 2000 escaetis
716 1935 831 2000 dicunt
845 1937 936 2020 quod
957 1945 1045 2000 terra
1066 1957 1131 2019 que
1149 1933 1211 1998 suit
1231 1932 1304 1997 Elie
1319 1931 1420 2014 Judei

318 2051 369 2107 est
389 2055 519 2110 escaeta
540 2046 669 2111 domini
689 2048 793 2130 Regis
813 2059 848 2114 et
869 2048 986 2114 Simon
1007 2047 1115 2114 Cocus
1136 2046 1228 2111 illam
1248 2045 1351 2110 habet
1372 2065 1419 2109 ex

317 2155 406 2220 dono
421 2157 547 2221 domini
564 2159 668 2242 Regis
682 2159 863 2241 Johannis3
885 2171 920 2226 et
933 2161 1025 2226 valet
1043 2179 1056 2222 1
1076 2181 1119 2224 m.

363 2268 448 2332 Item
474 2280 561 2334 terra
588 2271 714 2335 Mossei
738 2273 837 2355 Judei
861 2285 912 2338 est
940 2285 1074 2338 escaeta
1099 2271 1226 2335 domini
1256 2268 1360 2352 Regis
1382 2276 1418 2332 et

316 2381 439 2445 Vitalis
465 2383 496 2446 le
515 2383 631 2450 Vielur
656 2385 747 2449 illam
771 2384 875 2449 habet
901 2406 947 2450 ex
971 2385 1074 2450 ballia
1102 2383 1228 2448 domini
1254 2379 1418 2464 Johannis

319 2493 441 2577 Regis;
463 2495 552 2560 valet
568 2497 612 2561 di.
627 2517 671 2562 m.

363 2615 436 2672 458.
467 2607 520 2671 De
560 2609 780 2692 purpresturis
815 2629 875 2694 per
911 2609 1066 2675 ecclesias
1103 2607 1138 2674 S.
1178 2604 1342 2684 Nicholai‚
1380 2602 1418 2669 S.

319 2721 502 2799 Michaelis,
538 2721 573 2787 S.
604 2723 778 2788 Trinitatis
813 2736 849 2790 et
882 2724 918 2790 S.
947 2725 1143 2807 Kineburge
1176 2723 1292 2788 dicunt
1325 2721 1417 2804 quod

316 2855 383 2898 non
403 2836 540 2899 suntad
563 2846 799 2900 nocumentum
821 2836 898 2901 ville
922 2846 956 2901 et
977 2837 1055 2901 ideo
1077 2843 1271 2900 remaneant
1293 2843 1327 2898 et
1348 2852 1417 2896 non

316 2945 459 3028 amplius
479 2957 710 3030 presententur
728 2949 784 3013 ille
800 2958 1023 3033 purpresture.

360 3066 434 3123 459.
458 3061 511 3124 De
529 3062 623 3124 novis
645 3061 938 3125 consuetudinibus
952 3061 1070 3126 levatis
1092 3060 1206 3124 dicunt
1221 3059 1311 3142 quod
1329 3065 1416 3122 tem·

314 3193 396 3254 pore
418 3172 550 3237 Thome
579 3174 621 3239 de
652 3173 843 3239 Rochelord
872 3183 907 3239 et
935 3173 1025 3258 prius
1053 3172 1206 3236 solebant
1233 3170 1417 3236 Castellani

315 3304 432 3366 capere
447 3286 618 3349 cervisiam
635 3307 695 3370 per
704 3285 817 3350 villam
833 3285 941 3369 primo
956 3287 1011 3351 die
1025 3283 1228 3349 vendicionis
1243 3292 1278 3348 et
1291 3282 1415 3347 habere

262 3475 264 3480 ι
316 3395 357 3460 28
374 3395 508 3480 lagenas
531 3419 591 3480 pro
615 3397 649 3462 2⁶
669 3400 711 3463 de
734 3419 801 3462 uno
822 3399 957 3463 bracino
979 3407 1013 3462 et
1033 3397 1171 3462 reddere
1192 3395 1307 3460 statim
1329 3395 1414 3458 duos

315 3508 468 3574 denarios
490 3519 524 3574 et
546 3511 573 3573 si
594 3511 720 3575 denarii
736 3531 802 3574 non
822 3511 997 3574 redderent
1012 3509 1101 3593 quod
1115 3508 1261 3572 lacerent
1275 3506 1414 3570 tailliam

314 3630 349 3685 et
369 3622 527 3704 quamdiu
551 3623 623 3704 ipsa
641 3622 766 3687 semina
787 3621 924 3687 haberet
944 3622 1071 3687 talliam
1095 3642 1161 3685 non
1184 3629 1321 3704 possent
1339 3620 1415 3703 plus

313 3752 431 3815 capere
446 3735 489 3798 de
504 3735 647 3799 cervisia.
682 3732 743 3800 Set
757 3735 846 3798 idem
861 3733 1010 3798 Thomas
1026 3754 1085 3816 per
1095 3733 1302 3826 voluntatem
1318 3751 1414 3796 suam

312 3844 390 3909 lecit
404 3865 524 3928 capere
543 3845 627 3910 duos
647 3846 799 3910 denarios
819 3847 875 3910 ubi
897 3866 963 3910 non
983 3847 1071 3929 cepit
1091 3845 1274 3920 cervisiam,
1290 3854 1325 3909 et
1339 3862 1415 3926 pre-

312 3965 403 4021 terea
415 3959 591 4040 ceperunt³
603 3958 774 4022 cervisiam
788 3959 873 4022 adeo
889 3955 934 4022 ad
947 3957 1100 4022 ultimum
1112 3958 1201 4022 diem
1210 3956 1414 4022 vendicionis

312 4070 512 4152 sieutprimo
528 4070 582 4133 die
599 4071 733 4153 quando
748 4069 883 4135 cervisia
895 4070 983 4135 clara
991 4070 1054 4136 fuit
1064 4080 1098 4135 et
1108 4079 1257 4152 preterea
1267 4067 1415 4134 lecerunt

312 4181 403 4245 dicas
421 4202 498 4246 suas
519 4191 553 4248 et
569 4181 799 4247 nichilominus
820 4191 976 4266 ceperunt
998 4183 1116 4247 eodem
1131 4181 1204 4247 loco
1219 4181 1388 4247 cervisiam
1404 4205 1412 4258 ;

314 4302 346 4357 et
362 4293 425 4357 hoc
441 4293 610 4378 hucusque
624 4295 722 4359 durat
738 4305 774 4360 et
786 4306 905 4379 petunt
919 4295 983 4361 hoc
999 4296 1060 4361 sibi
1079 4295 1257 4360 emendari.

378 4457 415 4486 ¹·¹
433 4457 486 4506 Not
498 4457 523 4507 in
535 4458 564 4510 B.
1021 4453 1290 4526 ’Bufgaffpclaffin
1302 4459 1330 4509 B.

378 4539 388 4568 ³
407 4539 476 4604 Very
486 4540 608 4603 doubtful,
622 4541 667 4593 but
678 4549 723 4593 not
734 4544 811 4610 cepil;
828 4543 853 4594 in
865 4545 887 4595 B
898 4543 940 4596 the
951 4543 1021 4596 word
1032 4559 1112 4595 seems
1124 4542 1218 4594 altered
1229 4541 1282 4592 into
1293 4541 1363 4606 cepit.
