3234 5072
442 376 502 429 DE
525 375 720 432 COMITAT
722 375 750 431 U
770 375 1068 431 GLOUCESTRIE.
1262 381 1301 448 15

204 538 265 604 hec
290 539 442 622 burgeria
470 560 536 604 non
566 540 629 606 luit
655 549 848 624 presentata
872 539 1057 606 vicecomiti
1081 561 1188 623 neque
1210 559 1301 605 coro-

204 652 382 728 natoribus,
399 652 475 716 ideo
489 652 603 720 villata
621 653 654 721 in
672 653 902 718 misericordia.
1312 671 1366 726 ff„

248 771 298 826 63.
323 763 427 846 Hugo
446 764 511 829 Fot
529 773 563 828 et
586 763 750 830 Henricus
770 763 944 846 Chapman
963 765 1006 828 de
1029 764 1205 830 Lestanwe
1223 784 1302 828 ven·

205 876 359 939 diderunt
373 876 485 940 vinum
501 885 615 943 eontra
631 877 769 942 assisam
785 876 874 958 apud
891 875 1034 943 Stanwe.

249 993 288 1050 64
299 984 320 1052 ¹.
343 987 564 1070 Loquendum
580 989 624 1052 de
637 987 839 1069 quibusdam
855 987 996 1070 appellis
1011 985 1198 1056 concelatis.
1317 1001 1357 1050 Lo

575 1225 699 1293 Villata
720 1226 760 1291 de
784 1226 940 1292 Slolztres.

251 1380 300 1436 65.
323 1372 510 1438 Willelmus
532 1373 618 1437 filius
642 1373 769 1444 Leuine
791 1373 852 1439 luit
873 1376 917 1438 ad
941 1373 1112 1439 cervisiam
1134 1373 1303 1455 quandam

206 1485 296 1566 apud
314 1482 463 1550 Slohtres
485 1486 568 1550 etin
584 1506 714 1551 recessu
737 1507 797 1552 suo
818 1487 1007 1569 supervenit
1031 1486 1183 1568 Rogerus
1203 1485 1304 1548 homo

206 1616 346 1680 persone
368 1597 411 1660 de
427 1596 636 1680 Langeblrge
660 1608 791 1664 etcum
813 1599 998 1664 vulneravit
1021 1599 1068 1664 ita
1089 1597 1179 1679 quod
1201 1597 1305 1676 obiit;

207 1717 240 1771 et
253 1708 405 1790 Rogerus
417 1705 501 1792 fugit
517 1716 551 1772 et
564 1707 732 1792 utlagatus
744 1709 806 1774 suit
818 1730 877 1792 per
891 1721 1017 1776 sectam
1032 1709 1186 1792 Hugonis
1197 1708 1306 1774 sratris
1319 1719 1447 1782 utlagatus

207 1819 308 1901 ipsius
318 1818 477 1883 Willelmi
487 1829 520 1884 et
532 1819 594 1884 suit
605 1820 649 1887 de
661 1831 860 1904 manupastu
871 1821 903 1886 N
907 1821 1025 1888 icholai
1039 1821 1081 1886 de
1095 1819 1307 1903 Langebirge

207 1932 264 2012 qui
287 1930 390 2006 obiit;
416 1951 483 1996 non
509 1929 626 1996 habuit
652 1929 791 2011 catalla;
820 1942 855 1997 et
885 1932 1121 2015 Englescheria
1151 1951 1215 1998 non
1246 1931 1308 1996 suit

208 2041 447 2109 racionabiliter
461 2053 671 2126 presentata3
694 2045 771 2108 ideo
787 2045 967 2111 murdrum.
1319 2041 1407 2096 Μ

253 2160 304 2217 66.
328 2153 509 2220 Nicholaus
530 2154 672 2220 famulus
689 2155 826 2220 Henrici
847 2157 1005 2239 prepositi
1025 2155 1145 2222 cecidit
1165 2156 1209 2220 de
1226 2175 1308 2237 quo·

208 2267 286 2332 dam
308 2287 394 2349 equo
417 2267 501 2332 sicut
523 2268 609 2332 sedit
630 2287 729 2350 super
746 2289 879 2333 saccum
900 2271 947 2334 ita
962 2269 1053 2351 quod
1069 2267 1174 2346 obiit;
1197 2268 1307 2332 nullus

210 2377 461 2458 malecreditur;
483 2380 628 2462 precium
652 2381 726 2463 equi
748 2389 783 2444 et
805 2379 897 2449 bladi
916 2390 947 2465 3·
964 2377 999 2464 9d
1016 2381 1105 2446 unde
1124 2380 1309 2446 vicecomes
1323 2399 1348 2454 3·
1361 2394 1389 2458 9⁶

209 2489 430 2572 respondebit.
1320 2467 1431 2516 ‘¹⁶de

599 2645 724 2711 Villata
744 2644 784 2708 dc
806 2645 924 2712 Stowe.

253 2805 304 2864 67.
326 2799 493 2865 Robertus
504 2801 591 2866 filius
601 2785 677 2867 Bric
691 2822 864 2884 percussus
878 2802 941 2867 suit
957 2801 990 2865 in
1006 2803 1165 2867 comitatu
1176 2802 1308 2886 Wigor·

210 2911 263 2976 nie
278 2920 312 2976 et
327 2911 493 2976 convaluit
507 2915 551 2978 de
565 2913 633 2980 ictu
651 2923 685 2982 et
701 2925 818 2998 postea
832 2916 916 2980 obiit
932 2914 1160 2993 infirmitate²;
1184 2923 1218 2980 et
1241 2936 1308 2980 non

209 3023 439 3090 malceredunt
465 3025 609 3108 aliquem
619 3025 641 3106 ³,
668 3027 773 3091 immo
803 3027 930 3112 precise
959 3027 1076 3094 dicunt
1105 3029 1195 3109 quod
1225 3028 1309 3092 obiit

209 3135 401 3202 infirmitate
424 3145 458 3201 et
480 3158 547 3201 non
570 3138 613 3203 de
636 3138 745 3221 plaga.

254 3255 305 3314 66.
326 3248 497 3331 Juratores
520 3249 634 3313 dicunt
661 3252 752 3332 quod
774 3250 890 3315 Adam
914 3272 1056 3335 persona
1078 3252 1121 3316 de
1144 3252 1310 3318 Secumbe

209 3358 418 3424 estreciavit⁴
429 3360 513 3424 duas
523 3361 594 3427 vias
610 3383 653 3425 ex
670 3371 810 3446 utraque
822 3373 917 3446 parte
929 3363 1049 3429 domus
1065 3385 1123 3427 sue
1140 3374 1172 3429 et
1188 3364 1310 3429 levavit

209 3471 375 3553 quendam
399 3491 529 3534 murum
552 3474 761 3555 superviam
785 3475 818 3537 in
841 3475 934 3539 exitu
958 3495 1081 3542 earum.
1125 3475 1172 3540 Et
1194 3487 1311 3559 postea

209 3593 412 3664 cognoscunt
428 3584 519 3666 quod
535 3604 602 3647 non
622 3595 700 3654 sunt
716 3585 804 3669 regie
824 3588 876 3650 vie
898 3607 958 3651 nec
980 3607 1092 3652 murus
1110 3587 1239 3652 levatus
1260 3597 1310 3652 est

210 3713 310 3778 super
324 3695 448 3778 regiam
464 3695 552 3759 viam
569 3697 679 3761 necin
695 3697 794 3762 feodo
809 3697 887 3762 ville
902 3718 981 3775 sue;
1005 3707 1039 3762 et
1062 3697 1137 3763 ideo
1160 3699 1202 3762 ad
1222 3699 1311 3781 judi·
1323 3682 1357 3732 *ὁ
1365 3681 1411 3745 jud

210 3807 298 3870 cium
314 3808 357 3871 de
371 3807 428 3886 eis,
443 3817 477 3872 et
493 3808 609 3875 Adam
624 3809 696 3874 sine
712 3811 776 3874 die.
815 3810 904 3874 Item
920 3819 1192 3892 presentaverunt
1207 3831 1311 3893 quan·

210 3917 289 3982 dam
310 3927 556 4002 purpresturam
576 3922 619 3986 de
641 3930 728 3986 terra
749 3922 783 3984 in
804 3922 978 3986 hundredo
996 3941 1062 4005 que
1082 3941 1148 3986 non
1168 3923 1311 4006 pertinet

210 4031 252 4093 ad
268 4027 382 4094 villam
399 4049 503 4110 suam,
519 4041 552 4096 et
568 4031 644 4096 ideo
659 4032 693 4095 in
710 4033 943 4099 misericordia.
1323 4021 1379 4077 iffi·

243 4225 251 4252 ¹
269 4225 322 4274 Not
335 4225 360 4275 in
368 4225 396 4286 B,
408 4225 497 4286 which,
510 4224 633 4286 however,
645 4227 734 4278 inserts
745 4228 858 4278 between
871 4225 903 4277 62
915 4229 964 4279 and
975 4227 1007 4292 63
1019 4245 1051 4280 an
1063 4231 1165 4296 enqniry
1175 4245 1203 4282 ιι
1214 4237 1242 4280 to
1253 4230 1311 4281 who

210 4306 290 4373 ought
301 4313 329 4356 to
340 4305 398 4356 take
409 4307 473 4357 view
484 4307 515 4358 ol
522 4305 687 4374 lrankpledge
698 4309 722 4360 in
734 4309 873 4374 Shughter.

243 4387 254 4416 ³
268 4387 297 4437 de
308 4387 460 4453 infirmitate
470 4389 524 4439 alia
536 4390 564 4440 Β.
740 4390 750 4418 ³
766 4399 849 4442 elnon
863 4393 1040 4444 malecreditur
1050 4411 1066 4444 a
1073 4395 1238 4460 juratoribus
1251 4395 1277 4448 B.

244 4469 253 4497 ⁴
269 4471 421 4520 estresciavit
432 4471 461 4521 B.
850 4469 854 4482 ⁴
