3238 5092
412 400 423 422 ⁴
458 421 518 473 na
541 377 767 476 conrrnru
785 421 1084 477 ozoucnsrnrs.
1274 417 1317 502 63

264 590 326 644 260
339 580 362 645 ¹.
392 583 561 664 Juratores
599 569 714 647 dicunt
751 584 840 665 quod
879 583 1071 666 Stephanus
1109 585 1152 649 de
1191 587 1318 652 Mucle·

219 703 306 768 tone,
330 693 498 774 Johannes
520 693 655 757 clericus
675 694 813 775 Jordani
835 693 1009 759 Scotmodi
1029 706 1062 760 et
1087 695 1252 761 Henricus
1274 700 1317 763 de

219 805 345 886 Crupes
372 814 406 869 et
432 804 586 868 Warinus
613 805 655 868 de
679 804 812 869 Amene
842 815 877 869 et
900 805 1089 871 Ailwardus
1119 808 1161 871 de
1184 807 1317 872 Amene

218 936 277 997 per
300 923 491 998 preceptum
519 915 698 997 Engelardi
730 924 807 979 tunc
831 916 1034 981 vicecomitis
1057 917 1243 982 ²venerunt
1272 919 1316 983 ad

217 1025 377 1090 domum²
399 1026 560 1089 Katerine
582 1029 624 1090 de
648 1026 901 1091 Hundlaneside
927 1037 961 1092 et
985 1030 1122 1092 domum
1145 1029 1262 1092 suam³
1283 1039 1317 1094 et

217 1147 374 1218 ceperunt
389 1145 455 1200 tres
471 1157 574 1218 equos
590 1147 623 1200 et
639 1158 699 1201 sex
718 1138 874 1201 animalia
891 1147 924 1202 et
943 1157 982 1216 14
996 1159 1115 1220 porcos
1130 1151 1164 1203 et
1179 1140 1224 1219 46
1238 1160 1317 1204 oves

217 1258 250 1312 et
264 1268 343 1312 vasa
359 1249 478 1311 domus
493 1268 551 1310 sue
575 1269 615 1312 ea
635 1249 763 1312 ratione
784 1250 874 1331 quod
895 1249 1000 1312 noluit
1016 1249 1154 1313 reddere
1168 1251 1197 1314 ei
1214 1249 1315 1315 filiam

216 1378 310 1421 suam
326 1359 369 1422 ad
385 1359 606 1422 maritandum
622 1359 730 1424 eidem
747 1358 929 1440 Stephano.
1270 1335 1273 1344 ²

259 1470 305 1533 Et
326 1472 443 1534 eadem
459 1469 619 1533 Katerina
634 1471 724 1534 venit
747 1479 780 1533 et
802 1471 947 1552 queritur
969 1472 1011 1534 de
1034 1472 1152 1534 eodem
1174 1480 1209 1535 et
1229 1471 1314 1552 petit

214 1580 278 1644 hoc
294 1580 356 1644 sibi
373 1580 561 1656 emendari;
585 1590 637 1645 set
655 1601 721 1644 non
742 1581 880 1663 apponit
899 1581 1061 1644 roberiam
1076 1581 1129 1645 vel
1151 1580 1314 1661 feloniam‚

215 1712 275 1756 nec
289 1692 361 1756 vult
383 1692 475 1774 sequi
497 1693 557 1756 nisi
579 1693 621 1756 de
641 1692 764 1775 placito
784 1703 870 1757 terre
890 1701 923 1757 et
939 1693 1071 1757 heredis
1092 1695 1166 1769 sui3
1189 1704 1223 1758 et
1239 1696 1315 1759 ideo

214 1803 260 1866 ibi
277 1813 402 1868 rectum
420 1804 554 1868 habeat.

258 1915 304 1979 Et
333 1915 376 1978 ad
399 1915 561 1996 judicium
587 1915 629 1978 de
655 1915 855 1997 juratoribus
882 1913 938 1996 qui
962 1924 1235 1996 presentaverunt
1264 1917 1357 1983 lo·ad
1365 1933 1410 1997 jud

214 2026 348 2108 quelam
371 2047 435 2108 que
459 2046 524 2088 non
548 2027 692 2107 pertinet
715 2027 758 2089 ad
782 2045 947 2090 coronam.

259 2143 332 2199 261.
356 2135 522 2199 Robertus
554 2137 596 2200 de
634 2135 786 2200 Boullers
822 2145 855 2199 et
885 2133 1042 2199 Gunnilla
1071 2156 1159 2199 uxor
1181 2135 1252 2218 ejus
1279 2147 1313 2202 et

215 2246 367 2328 Rogerus
392 2247 525 2311 Harenc
551 2247 799 2329 appellaverunt
823 2247 1027 2311 Everardum
1051 2248 1094 2310 de
1122 2246 1255 2330 Cernay
1279 2259 1313 2313 et

213 2359 399 2423 Walterum
430 2370 463 2424 et
495 2360 676 2423 Ricardum
712 2359 797 2424 filios
830 2360 901 2440 ejus
934 2369 967 2423 et
999 2359 1178 2423 Ricardum
1209 2359 1311 2422 filiurn

213 2468 338 2534 ΑΙίςίἰ4
352 2472 511 2554 prepositi
526 2480 560 2536 et
576 2471 755 2535 Ricardum
775 2471 954 2534 Dudeman
971 2481 1004 2534 et
1019 2469 1186 2534 Thomam
1207 2470 1312 2536 filium

213 2581 446 2645 Molendinarii
463 2584 505 2646 de
521 2603 603 2666 pace
624 2582 750 2647 domini
772 2582 875 2664 Regis
894 2590 927 2645 et
946 2582 988 2644 de
1007 2582 1115 2664 plagis
1130 2591 1214 2657 etc.;
1242 2581 1311 2646 Ro-

92 2757 97 2764 ,
214 2694 327 2757 bertus
354 2703 388 2757 et
417 2693 573 2757 Gunnilla
595 2695 765 2757 obierunt:
797 2702 831 2757 et
854 2692 1004 2774 Rogerus
1032 2713 1097 2756 non
1121 2703 1171 2758 est
1200 2713 1312 2774 prose·

212 2813 308 2868 cutus
337 2804 414 2886 quia
438 2814 488 2868 est
514 2805 602 2887 apud
630 2804 828 2886 Haveringe,
856 2813 888 2867 et
916 2824 981 2866 non
1003 2804 1093 2867 venit
1120 2814 1155 2868 et
1176 2804 1252 2869 ideo
1277 2805 1310 2866 in

215 2916 458 2990 misericordia3
480 2925 514 2979 et
533 2916 720 2979 Everardus
739 2925 886 2979 mortuus
909 2924 968 2992 est,
989 2925 1023 2979 et
1039 2915 1201 2978 Ricardus
1223 2914 1372 2979 filiusmTa

210 3025 312 3090 Alicii
335 3025 505 3100 similiter;
529 3037 562 3090 et
583 3025 749 3090 Walterus
772 3035 806 3089 et
829 3026 991 3089 Ricardus
1013 3037 1171 3091 venerunt
1194 3035 1228 3091 et
1250 3028 1309 3091 de·

211 3136 350 3202 [endunt
371 3147 489 3201 totum.
536 3137 582 3200 Et
601 3136 765 3218 juratores
787 3138 902 3202 dicunt
919 3139 1007 3219 quod
1031 3137 1211 3220 culpabiles
1233 3146 1310 3202 sunt

211 3249 253 3311 de
278 3247 385 3330 plagis
412 3247 550 3312 Roberti
578 3257 612 3312 et
642 3248 716 3312 ideo
747 3249 972 3314 custodiantur
1002 3249 1058 3314 ⁶et
1089 3249 1250 3314 Ricardus
1276 3258 1310 3313 et
1324 3259 1436 3328 [custod]

210 3357 360 3422 Thomas
386 3358 538 3422 similiter
563 3358 745 3441 culpabiles
768 3370 845 3423 sunt
871 3369 905 3424 et
928 3361 1002 3424 ideo
1025 3361 1217 3444 capiantur⁰
1237 3381 1309 3443 per·
1320 3395 1368 3444 ap

210 3471 353 3533 donatur
368 3471 415 3532 eis
436 3490 495 3552 pro
511 3469 660 3533 Waltero
681 3471 724 3534 de
738 3471 875 3534 Verdun
885 3470 906 3534 ὅ.
953 3471 999 3534 Et
1015 3470 1178 3535 Ricardus
1193 3472 1308 3536 Dude-

211 3590 336 3644 manet
352 3579 500 3643 Thomas
515 3579 848 3674 filiuslmolendinarii
868 3601 934 3644 non
948 3591 1108 3646 venenant
1126 3591 1161 3645 et
1178 3582 1311 3646 suerunt

210 3689 381 3755 attachiati
407 3712 466 3773 per
491 3690 675 3755 Walterum
703 3692 746 3755 de
768 3692 903 3756 Verdun
931 3702 965 3755 et
989 3693 1063 3755 ideo
1085 3691 1253 3756 Walterus
1276 3694 1308 3756 in

210 3801 441 3866 misericordia.
1319 3830 1371 3864 mu

254 3918 325 3976 262.
347 3911 534 3976 Willelmus
558 3912 637 3976 Flur
658 3911 837 3996 appellavit
860 3911 1045 3976 Robertum
1069 3912 1099 3978 le
1121 3913 1306 3988 Fraunceis,

239 4079 248 4108 ¹
266 4080 312 4130 See
323 4089 381 4131 note
393 4087 421 4131 to
432 4081 481 4131 this
491 4097 555 4132 csse.

240 4155 281 4185 ²·¹
296 4157 451 4208 Substituted
464 4160 488 4206 in
502 4158 571 4208 Aior
583 4160 734 4210 robavemnt
740 4175 752 4220 ;
768 4159 811 4210 the
822 4159 959 4211 correction
969 4157 1015 4208 has
1025 4166 1069 4210 not
1079 4159 1142 4210 been
1153 4159 1227 4210 made
1238 4159 1263 4210 in
1276 4159 1305 4209 B.

240 4239 322 4290 'The
340 4256 447 4304 passage
467 4241 492 4290 in
511 4243 535 4290 Α
554 4256 614 4302 was,
636 4242 787 4290 rotaverunt
805 4241 959 4290 Katerinam
1058 4249 1081 4290 et
1098 4241 1198 4291 domum
1214 4258 1286 4292 suam
1294 4257 1307 4304 5

209 4320 251 4370 the
263 4337 362 4386 process
374 4321 404 4370 os
412 4322 549 4372 correction
560 4321 606 4372 has
618 4328 662 4372 not
673 4337 738 4386 gone
749 4322 787 4372 sar
798 4321 904 4386 enough.

240 4403 250 4430 ⁴
266 4399 333 4453 Alr‘c.
986 4403 1028 4434 Η
1041 4403 1095 4454 Not
1106 4403 1132 4454 in
1144 4405 1173 4455 B.

240 4482 250 4510 ⁸
267 4485 297 4533 ln
310 4485 482 4550 Acapr'antur
493 4485 514 4534 is
526 4485 609 4536 struck
622 4493 673 4548 out,
686 4485 735 4535 and
747 4485 790 4536 the
801 4485 897 4551 pardon
909 4485 930 4535 is
942 4486 1083 4552 postscn'pt.
