3238 5092
287 347 346 408 104
643 338 825 394 Pancrrn
853 338 1019 394 conone

280 501 385 566 dredo
400 502 442 566 de
460 501 644 587 Hwitestan
660 503 774 568 dicunt
793 523 891 587 super
911 510 1154 567 sacramentum
1177 522 1273 566 suum
1290 503 1381 587 quod

282 613 353 696 ipse
380 634 446 678 non
474 622 525 678 est
549 613 625 678 inde
649 613 823 697 culpabilis
849 623 884 679 et
907 615 997 698 quod
1026 613 1207 697 inpositum
1236 615 1298 680 fuit
1323 635 1383 699 per

283 726 397 789 odium
418 735 451 790 et
469 726 572 790 atiam
595 735 629 791 et
651 747 713 808 pro
739 727 884 810 quadam
911 736 999 791 terra
1021 745 1121 809 quam
1146 725 1315 791 Walterus
1339 728 1384 790 de

285 836 399 902 Croilli
421 846 516 918 pater
538 837 652 902 uxoris
674 839 774 922 ipsius
798 838 898 902 Helie
919 837 1135 902 diracionavit
1158 859 1271 903 versus
1292 839 1384 904 Wal-

284 959 392 1015 terum
409 949 497 1014 Derc
515 958 644 1032 patrem
665 950 768 1032 ipsius
784 950 933 1015 Roberti.
979 951 1024 1014 Et
1045 950 1121 1016 ideo
1137 950 1383 1016 consideratum

284 1063 438 1146 estquod
456 1062 573 1128 Helias
588 1071 643 1127 eat
658 1062 735 1128 inde
749 1063 889 1146 quietus.

585 1321 805 1387 Hundredum
826 1321 866 1386 de
887 1321 1081 1386 Hwiteston.

331 1503 403 1575 1²3⁷·
428 1495 659 1560 Malesactores
674 1506 837 1559 venerunt
857 1496 900 1559 de
917 1504 1013 1560 nocte
1031 1496 1073 1559 ad
1089 1494 1227 1558 domum
1244 1493 1387 1558 Roberti

288 1609 371 1673 Kari
397 1618 431 1674 et
454 1609 646 1675 occiderunt
668 1610 776 1692 ipsum
801 1609 986 1674 Robertum
1009 1617 1044 1672 et
1066 1627 1205 1671 uxorem
1229 1627 1323 1671 suam
1352 1617 1387 1670 et

286 1721 453 1803 quendam
478 1741 615 1802 puerum
641 1720 842 1799 lactantem;
878 1730 912 1785 et
935 1729 1052 1802 postea
1077 1719 1121 1783 ad
1148 1719 1285 1783 domum
1309 1719 1389 1783 Ade

287 1833 344 1896 filii
361 1832 497 1897 Andree
513 1842 547 1896 et
567 1833 759 1898 occiderunt
780 1834 889 1916 ipsum
905 1833 1020 1898 Adam
1036 1840 1071 1895 et
1086 1851 1227 1895 uxorem
1242 1850 1337 1895 suam
1354 1839 1389 1895 et

288 1965 386 2009 unam
402 1944 548 2009 vetulam
567 1953 601 2009 et
617 1945 700 2008 duos
716 1965 845 2027 pueros,
861 1944 985 2009 scilicet
1007 1965 1122 2008 omnes
1137 1943 1193 2027 qui
1209 1942 1340 2007 suerunt
1355 1943 1389 2006 in

288 2057 442 2121 domibus
465 2056 622 2139 predictis
646 2066 681 2121 et
699 2056 934 2139 Englescheria
957 2059 1103 2140 ipsorum
1127 2075 1192 2120 non
1208 2055 1270 2119 fuit
1285 2054 1390 2119 racio·

289 2168 443 2233 nabiliter
458 2177 649 2252 presentata
666 2168 742 2233 ideo
759 2170 901 2233 murdra.

335 2288 407 2345 438.
431 2280 509 2344 Duo
536 2279 687 2344 homines
714 2279 838 2345 inventi
868 2280 999 2345 suerunt
1029 2280 1125 2345 occisi
1153 2280 1186 2343 in
1216 2279 1318 2344 bosco
1347 2278 1391 2342 de

293 2391 539 2457 Hundresfelde
555 2393 675 2457 eodem
691 2393 746 2457 die
762 2402 796 2457 et
812 2394 876 2458 due
896 2413 1024 2456 sorores
1039 2392 1186 2474 ipsorum
1208 2392 1390 2456 occisorum

291 2506 434 2569 nescitur
459 2505 514 2587 qui
541 2504 675 2568 suerunt
698 2503 859 2569 occisores
886 2524 947 2569 nec
972 2503 1207 2588 Englescheria
1230 2504 1292 2567 suit
1316 2523 1391 2585 pre-

291 2625 423 2682 sentata
445 2617 520 2681 ideo
544 2617 686 2681 murdra.

337 2737 409 2793 439.
436 2728 584 2812 Quidam
608 2738 772 2794 mercator
795 2730 946 2793 inventus
968 2728 1030 2794 suit
1048 2729 1238 2793 vulneratus
1260 2728 1293 2791 in
1311 2748 1393 2810 quo-

292 2841 371 2905 dam
392 2840 518 2905 fossato
542 2851 576 2905 et
590 2841 649 2903 vix
673 2841 782 2923 potuit
799 2840 890 2924 loqui
909 2850 943 2905 et
963 2843 1050 2906 dixit
1071 2841 1154 2906 sicut
1172 2841 1282 2925 potuit
1303 2840 1393 2922 quod

292 2953 399 3018 socius
415 2973 492 3016 suus
507 2952 553 3017 ita
573 2973 648 3016 eum
663 2953 847 3017 vulneravit
868 2963 918 3017 set
941 2955 1107 3017 neminem
1129 2952 1311 3016 nominavit
1332 2951 1393 3014 nisi

294 3065 384 3148 quod
406 3064 468 3129 suit
488 3065 531 3128 de
547 3065 626 3128 villa
646 3065 779 3130 Oxonie
801 3073 834 3129 et
861 3075 979 3149 postea
1001 3065 1084 3129 obiit
1104 3074 1137 3129 et
1159 3063 1395 3147 Englescheria

295 3176 445 3240 nonfuit
467 3185 656 3259 presentata
678 3177 756 3242 ideo
779 3178 968 3256 murdrum3
997 3187 1030 3242 et
1050 3175 1281 3258 Engelardus¹
1304 3177 1394 3259 cepit

296 3291 339 3355 de
361 3288 474 3353 villata
497 3310 557 3371 pro
580 3289 667 3353 sacto
690 3288 747 3352 illo
769 3289 852 3353 duas
876 3309 1012 3353 marcas,

341 3408 413 3465 440.
437 3401 594 3484 Quedam
615 3401 697 3466 sella
712 3422 816 3466 vacua
835 3403 969 3466 inventa
990 3402 1052 3466 fuit
1073 3401 1106 3464 in
1122 3401 1224 3466 bosco
1239 3402 1282 3466 de
1299 3403 1398 3466 Hun-

296 3513 439 3578 dresfeld
457 3521 492 3578 et
515 3514 658 3578 nescitur
678 3514 772 3597 cujus
792 3515 863 3598 ipsa
886 3514 948 3579 fuit
969 3525 1004 3579 et
1019 3513 1135 3578 Adam
1152 3513 1221 3578 Loc
1242 3522 1276 3576 et
1293 3513 1398 3595 Hugo

296 3625 372 3689 Lok
404 3635 438 3689 et
470 3625 638 3690 Robertus
669 3625 793 3690 Scaddi
823 3636 857 3690 et
886 3626 1022 3709 quidam
1053 3616 1231 3708 Gregorius
1261 3626 1396 3709 propin·

297 3739 428 3820 quiores
441 3738 538 3802 vicini
561 3738 732 3804 attachiati
755 3737 887 3802 fuerunt
909 3749 944 3802 et
969 3758 1085 3802 omnes
1106 3745 1266 3802 venerunt
1288 3746 1400 3820 preter

299 3850 413 3916 Adam
428 3877 435 3928 ;
460 3859 493 3915 et
508 3851 708 3916 attachiatus
723 3851 785 3916 suit
800 3873 859 3934 per
872 3853 1022 3917 villatam
1039 3854 1081 3917 de
1098 3852 1257 3935 Stanlege
1274 3862 1308 3917 et
1324 3853 1400 3917 ideo

299 3960 332 4024 in
364 3963 585 4026 misericordia
598 3988 607 4040 ;
642 3972 677 4026 et
712 3961 821 4026 nullus
851 3984 965 4028 eorum
1000 3963 1231 4029 malecreditur
1260 3972 1294 4029 et
1323 3963 1400 4028 ideo

300 4093 416 4137 omnes
437 4073 551 4156 quieti.

346 4193 420 4249 441.
444 4186 591 4269 Quidam
623 4186 823 4253 Godeiridus
855 4188 1011 4254 Godman
1042 4189 1231 4254 submersus
1268 4188 1330 4253 suit
1367 4187 1400 4251 in

300 4317 388 4380 aqua
417 4300 459 4363 de
491 4298 637 4365 Stanhus
667 4310 702 4365 et
728 4301 847 4366 cecidit
877 4303 919 4366 de
946 4304 1092 4384 quodam
1119 4323 1205 4386 equo
1233 4311 1267 4366 et
1293 4300 1402 4366 nullus

563 4450 573 4480 ²
589 4451 657 4516 Eng.
668 4453 697 4503 de
710 4454 810 4518 Cygony
820 4461 880 4503 tunc
891 4454 1017 4504 vicecomes
1029 4455 1058 4504 B.
