3238 5092
465 433 525 488 DE
549 433 743 489 COMITAT
745 434 775 488 U
794 433 1091 490 GLOUCESTRIE.
1271 443 1328 488 101

277 604 348 660 42⁷.
374 595 502 662 Sabilla
523 599 566 661 de
586 597 618 662 la
635 596 743 663 Grave
764 608 814 663 est
830 598 872 663 de
887 596 1070 663 donacione
1084 594 1210 662 domini
1227 597 1331 680 Regis

230 717 264 773 et
288 708 467 774 Gausridus
490 710 533 774 de
550 709 681 775 Collare
702 710 804 775 habet
827 711 918 774 illam
940 731 999 793 per
1014 710 1185 774 dominum
1201 709 1329 773 Willel-

230 841 322 885 mum
369 821 593 886 Mariscallum
639 830 767 904 patrem
820 833 855 887 et
897 831 990 888 tenet
1034 842 1094 906 per
1138 821 1327 886 seriantiam

228 933 393 1012 archerie;
427 942 461 997 et
483 934 574 999 valet
595 954 655 1017 per
676 954 799 998 annum
825 947 888 1000 20³.

273 1052 344 1110 428.
367 1045 516 1110 Thomas
532 1045 640 1110 Faber
660 1053 751 1110 tenet
772 1062 784 1108 ι
803 1046 964 1128 virgatam
980 1053 1066 1109 terre
1082 1046 1115 1108 in
1132 1044 1270 1128 Uptone
1285 1044 1329 1107 de

228 1155 410 1222 donacione
432 1157 559 1221 domini
580 1157 684 1241 Regis
710 1179 769 1242 per
790 1158 963 1222 servicium
986 1157 1202 1223 ducentarum
1225 1156 1326 1238 sagit·

226 1276 336 1332 tarum
351 1278 385 1334 et
400 1269 488 1334 valet
504 1291 564 1353 per
576 1290 653 1334 ann.
672 1280 733 1334 20¹.

271 1387 343 1444 429.
365 1381 530 1446 Radulius
552 1381 596 1446 de
610 1382 734 1461 Vernei
756 1391 849 1446 tenet
872 1380 1133 1447 Pichenecumbe
1156 1400 1200 1443 ex
1223 1380 1329 1444 dona·

226 1491 321 1556 cione
335 1492 497 1572 johannis
513 1494 616 1576 Regis
632 1503 665 1558 et
679 1495 769 1559 valet
784 1505 851 1558 tres
867 1495 939 1559 libr.

271 1613 344 1669 430.
369 1605 562 1673 Meillardus
577 1616 670 1672 tenet
690 1625 702 1669 1
717 1607 879 1690 virgatam
895 1617 981 1672 terre
997 1616 1030 1671 et
1042 1607 1121 1671 dim.
1138 1607 1172 1670 in
1188 1605 1326 1690 Up'tone

225 1739 270 1784 ex
286 1717 375 1784 dono
390 1719 517 1783 domini
534 1720 639 1802 Regis
655 1719 697 1784 de
715 1720 880 1785 dominico
896 1740 965 1799 suo,
981 1718 1152 1783 reddendo
1167 1717 1244 1783 inde
1261 1725 1325 1790 22¹,

225 1839 259 1895 et
273 1831 362 1896 valet
378 1853 437 1914 per
451 1851 574 1896 annum
591 1842 653 1915 30¹.

269 1951 341 2008 431.
366 1943 504 2027 Capella
532 1943 567 2009 S.
595 1943 748 2009 Nicholai
774 1944 836 2009 fuit
860 1944 1039 2025 aliquando
1069 1943 1112 2008 de
1141 1943 1325 2009 donacione

224 2055 349 2120 domini
382 2055 505 2139 Regis;
539 2065 573 2120 et
603 2057 692 2139 prior
721 2057 764 2121 de
795 2055 830 2120 S.
856 2055 1013 2121 Oswaldo
1043 2055 1144 2119 habet
1165 2075 1239 2119 eam
1265 2075 1325 2138 per

226 2169 351 2232 donum
373 2168 477 2252 Regis
501 2167 645 2243 Henn'ci,
666 2177 718 2233 set
750 2167 851 2234 clavis
875 2168 906 2231 ei
928 2167 1035 2250 primo
1060 2167 1238 2231 commissa
1262 2165 1324 2230 iuit

221 2287 373 2362 tempore
393 2299 517 2362 gwerre
537 2300 597 2363 per
618 2279 791 2344 consilium
813 2281 938 2345 domini
962 2278 1076 2362 Regis.

269 2399 341 2455 432.
355 2385 414 2478 [B]
436 2391 600 2455 Henricus
638 2391 770 2456 Smatte
812 2390 991 2474 appellavit
1028 2390 1249 2455 Herebertum
1280 2393 1323 2456 de

222 2502 427 2568 Waleswrde
452 2503 495 2568 de
521 2503 629 2586 plagis
653 2512 687 2567 et
712 2504 755 2567 de
776 2523 858 2586 pace
878 2501 1004 2567 domini
1028 2501 1112 2584 regis
1132 2501 1270 2567 infracta
1289 2512 1324 2567 et

221 2624 353 2680 nonest
368 2623 560 2698 prosecutus
582 2625 616 2679 et
631 2617 706 2681 ideo
721 2615 888 2697 capiatur3
913 2623 947 2678 et
965 2613 1169 2679 Herebertus
1184 2615 1274 2679 venit
1290 2624 1325 2679 et

224 2726 372 2792 defendit
398 2736 507 2793 totum
532 2736 566 2792 et
593 2727 682 2810 quod
709 2747 879 2809 nunquam
902 2725 1091 2810 appellatus
1113 2726 1193 2804 suit3
1217 2735 1251 2790 et
1274 2726 1323 2789 in-

219 2849 356 2904 ventum
373 2849 423 2903 est
439 2839 472 2903 in
488 2838 603 2904 rotulis
618 2847 849 2904 coronatorum
865 2840 955 2922 quod
971 2841 1042 2922 ipse
1056 2839 1119 2903 suit
1141 2839 1187 2904 ita
1207 2839 1322 2923 appel·

227 2952 323 3031 latus,
347 2960 382 3016 et
408 2959 623 3016 coronatores
647 2951 710 3015 hoc
734 2953 824 3015 idem
855 2958 1027 3030 testantur,
1050 2959 1084 3015 et
1113 2950 1189 3015 ideo
1214 2951 1323 3015 Here-

220 3065 333 3129 bertus
363 3063 396 3126 in
434 3063 665 3137 misericordia,
697 3071 730 3128 et
761 3064 925 3146 juratores
954 3063 1068 3128 dicunt
1101 3064 1191 3145 quod
1221 3062 1322 3128 nichil

218 3176 326 3241 sciunt
356 3176 399 3240 de
427 3175 560 3259 loquela
586 3175 658 3240 ista.
705 3175 785 3240 Post
810 3174 902 3240 venit
928 3175 1132 3241 Herebestus
1156 3184 1191 3240 et
1220 3175 1320 3240 finem

218 3288 296 3353 iecit
316 3307 375 3372 per
390 3284 432 3364 lm
453 3307 513 3371 per
532 3288 678 3372 plegium
701 3286 837 3351 Milonis
858 3287 902 3352 de
926 3287 1111 3353 Sandherst
1129 3297 1163 3354 et
1185 3286 1320 3354 Henrici

216 3399 259 3464 de
283 3399 409 3464 Barres.
1076 3406 1079 3412 '

262 3513 308 3578 Et
334 3512 499 3595 juratores
531 3513 564 3576 in
596 3513 819 3578 misericordia
856 3534 916 3598 pro
946 3514 1195 3579 concelamento
1225 3515 1319 3580 istius

216 3624 348 3708 loquele
370 3633 404 3689 et
426 3642 446 3706 9
468 3625 606 3689 aliarum
628 3625 861 3708 loquelarum'

262 3745 335 3800 433.
347 3733 407 3826 [Β]
431 3737 537 3822 Apud
570 3738 815 3822 Hukelingcote
847 3739 1028 3805 osebertus
1057 3741 1100 3804 de
1134 3739 1319 3825 Hukeling·

217 3858 294 3914 cote
323 3851 461 3915 obrutus
497 3849 559 3915 suit
588 3851 650 3915 sub
684 3858 811 3916 caretta
840 3870 900 3914 sua
930 3861 965 3916 et
993 3850 1107 3915 villata
1135 3852 1319 3918 concelavit

215 3959 386 4043 loquelam
409 3963 506 4026 istam
531 3970 565 4028 et
587 3962 663 4026 ideo
686 3963 719 4025 in
742 3961 986 4040 misericordia3
1016 3961 1162 4046 precium
1185 3965 1261 4047 equi
1284 3974 1383 4040 etffis„

216 4083 341 4139 carette
363 4072 395 4135 6¹
418 4074 507 4139 unde
527 4073 642 4138 villata
663 4073 763 4138 debet
787 4073 996 4156 respondere.
1330 4093 1442 4210 gpdund

631 4268 748 4334 [Memb.
766 4272 801 4318 18
818 4266 906 4333 doru]

262 4399 334 4457 434.
359 4393 458 4476 Hugo
475 4393 624 4458 Blundus
646 4394 794 4477 appellat
818 4395 953 4459 Petrum
975 4394 1160 4480 privignum
1183 4397 1317 4463 Ricardi

216 4503 292 4569 Gile
311 4505 401 4588 quod
422 4506 492 4590 ipse
515 4526 589 4570 cum
612 4506 644 4569 vi
667 4526 727 4570 sua
748 4505 872 4572 scilicet
889 4505 1057 4571 Wilekino
1079 4508 1179 4574 fratre
1200 4531 1260 4574 suo
1283 4520 1317 4576 et

215 4617 386 4683 Willelmo
411 4617 519 4684 Fuket
544 4627 577 4682 et
601 4617 673 4683 aliis
696 4619 753 4702 qui
777 4618 928 4684 obierunt
952 4619 1102 4704 nequiter
1122 4632 1155 4687 et
1178 4617 1211 4684 in
1234 4642 1317 4705 pace
