3234 5072
431 415 492 468 DE
514 415 708 470 COMITAT
711 416 740 471 U
759 416 1055 476 GLOUCESTRIE.
1253 425 1294 497 35

194 591 227 647 et
254 601 339 645 uxor
366 579 437 662 ejus
464 580 567 664 ligata
592 579 653 646 suit
678 589 711 645 et
737 581 827 646 venit
851 589 884 647 et
908 602 974 646 non
999 583 1237 660 malecreditur,
1260 595 1294 650 et

194 694 270 758 ideo
282 693 359 757 inde
371 693 501 776 quieta3
527 691 764 774 Englescheria
775 692 837 762 fuit
853 702 1043 776 presentata
1055 716 1114 779 per
1124 698 1293 778 quandam

193 806 353 870 feminam
377 826 422 869 ex
446 815 540 889 parte
565 805 699 883 matrim
722 813 755 870 et
782 805 960 873 comitatus
987 809 1177 872 recordatur
1202 810 1293 892 quod

194 917 431 1001 Englescheria
457 938 523 983 non
549 917 651 984 debet
675 917 854 1002 presentari
881 938 939 1004 per
966 918 1131 999 seminam,
1157 929 1191 986 et
1218 921 1294 985 ideo

194 1032 372 1095 murdrum.
1307 1043 1363 1100 ιῑᾶι

242 1149 312 1208 120.
333 1143 528 1208 Vincentius
540 1142 684 1207 serviens
696 1141 854 1208 Willelmi
867 1143 1009 1209 Briwere
1020 1145 1139 1210 cecidit
1152 1147 1194 1210 de
1206 1167 1292 1229 equo

194 1275 254 1319 suo
269 1257 358 1339 apud
374 1255 523 1320 Derham
546 1256 593 1319 ita
609 1255 697 1338 quod
720 1255 802 1319 obiit
825 1256 858 1318 in
876 1255 1028 1320 crastino.
1074 1256 1193 1322 Nullus
1208 1258 1292 1322 alius
1305 1262 1339 1313 do
1349 1261 1417 1312 dand

194 1367 443 1446 malecreditur;
473 1366 941 1450 Judicium,-insortunium;
972 1368 1116 1451 precium
1148 1369 1224 1452 equi
1250 1378 1292 1449 4¹,
1304 1377 1330 1435 4·

197 1480 286 1544 unde
301 1479 485 1544 vicecomes
502 1480 710 1562 respondeat

190 1619 192 1625 ·
242 1598 312 1656 121.
335 1591 449 1656 Adam
465 1591 667 1657 le'Maunsel
682 1591 810 1656 occisus
831 1590 901 1671 luit,
917 1601 951 1658 et
966 1591 1133 1657 Walterus
1149 1595 1293 1658 serviens

193 1704 324 1770 Thome
348 1704 521 1789 Capellani
545 1706 588 1769 de
612 1703 780 1770 Litletone
809 1713 926 1787 captus
956 1703 1018 1769 luit
1043 1725 1102 1788 pro
1127 1715 1234 1771 morte
1258 1716 1293 1772 et

194 1818 314 1882 ductus
329 1837 441 1881 coram
453 1816 641 1899 justiciariis
657 1816 765 1881 missis
779 1817 822 1881 ad
837 1815 970 1900 gaolam
985 1816 1243 1895 deliberandam,
1260 1829 1294 1884 et

193 1929 239 1993 ibi
263 1930 418 2012 cognovit
436 1938 578 1993 mortem
602 1937 635 1993 et
657 1948 836 2011 suspensus
854 1929 936 2007 suit;
959 1939 993 1993 et
1008 1929 1157 1994 Thomas
1173 1929 1294 2014 Capel-

193 2043 288 2107 lanus
303 2042 346 2106 de
362 2040 544 2107 Littletone
559 2051 593 2105 et
609 2040 734 2106 Editha
749 2061 834 2104 uxor
849 2039 999 2123 ejusdem
1014 2039 1093 2107 Ade
1107 2064 1172 2126 que
1187 2043 1293 2109 suerat

195 2156 303 2220 amica
330 2153 479 2236 ejusdem
503 2152 644 2228 Thome,
670 2162 704 2217 et
729 2151 843 2218 Adam
869 2152 954 2216 filius
980 2153 1128 2234 ejusdem
1152 2154 1293 2235 Thome,

194 2267 328 2332 suerunt
343 2268 386 2331 ad
403 2275 544 2331 mortem
560 2264 651 2329 illam
668 2276 702 2330 et
717 2264 874 2349 sugerunt
883 2287 892 2340 ;
916 2274 951 2330 et
973 2264 1105 2332 fuerunt
1120 2278 1292 2333 manentes

194 2380 227 2444 in
251 2378 435 2444 Littletone
458 2389 491 2442 et
514 2379 548 2441 in
570 2376 807 2452 Thomertone,
825 2386 858 2442 et
872 2376 986 2442 villate
1008 2377 1080 2442 illos
1103 2389 1290 2462 receptave·
1304 2397 1355 2453 Εἷς

194 2501 271 2556 runt
294 2501 371 2575 post
394 2500 536 2555 mortem
557 2489 659 2572 Ade;
690 2499 724 2554 et
746 2489 822 2553 ideo
844 2491 877 2553 in
901 2490 1123 2554 misericordia
1136 2516 1145 2569 ;
1170 2491 1360 2574 Engle-ffidr

195 2604 322 2670 scheria
341 2625 407 2668 non
430 2602 490 2668 suit
512 2612 726 2685 presentata;
748 2601 1163 2683 judicium-murdrum
1186 2603 1292 2668 nullos
1305 2612 1363 2692 {ii}

194 2737 309 2781 eorum
332 2715 465 2799 aliquod
490 2713 647 2780 catallum
667 2713 802 2787 habuit;
825 2723 859 2776 et
880 2712 1029 2777 Thomas
1052 2722 1086 2778 et
1109 2713 1222 2779 Adam
1246 2717 1294 2780 in·

194 2837 402 2911 terrogentur
417 2837 451 2891 et
466 2826 663 2909 utlagentur,
680 2833 714 2888 et
730 2823 855 2889 Editha
871 2825 1046 2890 waivietur.

237 2938 295 3002 Ad
315 2938 475 3022 judicium
506 2938 549 3001 de
575 2935 776 3019 juratoribus
807 2937 862 3018 qui
885 2931 1137 3003 concelaverunt
1158 2947 1224 3002 tres
1245 2938 1354 3016 lo-ffise

193 3050 309 3135 quelas
332 3061 365 3115 et
388 3051 449 3135 ipsi
472 3049 535 3114 hoc
558 3059 761 3132 cognoscunt
784 3059 818 3114 et
840 3050 916 3114 ideo
939 3050 972 3113 in
996 3051 1227 3116 misericordia.

242 3171 311 3228 122.
335 3162 505 3226 ¹Thomas
520 3162 706 3245 prepositus
727 3160 769 3225 de
786 3160 933 3225 Derham
950 3171 984 3226 et
998 3161 1112 3226 Adam
1128 3163 1171 3226 de
1189 3163 1294 3228 Here·

194 3275 304 3339 warde
320 3274 510 3340 Osebemus
525 3275 569 3337 de
585 3271 768 3338 Littletone
779 3294 862 3356 quos
881 3321 889 3338 .
913 3322 921 3339 .
944 3323 952 3338 .
976 3321 984 3338 .
1004 3284 1166 3340 mercator
1180 3273 1294 3358 appel-

193 3385 273 3451 lavit
291 3388 335 3451 de
357 3387 516 3451 societate
540 3384 711 3464 latrocinii,
726 3386 783 3467 qui
806 3405 984 3469 suspensus
1006 3395 1066 3465 est,
1081 3386 1163 3452 dant
1179 3387 1295 3452 dimid.

195 3516 227 3560 m
231 3544 363 3564 .....
386 3517 446 3580 per
460 3499 506 3561 sic
521 3497 612 3580 quod
628 3497 757 3580 possint
773 3517 844 3560 esse
867 3497 928 3561 sub
947 3497 1059 3581 plegio
1077 3499 1188 3563 standi
1204 3509 1295 3563 recto

194 3612 221 3675 si
240 3610 314 3694 quis
328 3630 441 3674 versus
460 3628 517 3673 eos
539 3607 629 3691 loqui
648 3607 799 3672 voluerit.
847 3608 906 3672 Hii
923 3605 1017 3694 [sunt
1028 3605 1148 3694 plegii]
1166 3607 1294 3674 Willel-

195 3743 268 3786 mus
292 3721 425 3805 Spuron
448 3717 701 3801 thethingman2
724 3729 757 3784 et
780 3728 852 3784 tota
875 3729 955 3785 tona
968 3743 976 3795 ;
999 3721 1127 3805 plegius
1150 3721 1193 3786 de
1214 3721 1293 3786 dim.

195 3854 238 3898 m·
256 3831 425 3898 Galsridus
440 3832 575 3916 Tragin.

241 3951 311 4008 12³.
335 3943 522 4007 Manerium
546 3943 589 4007 de
614 3941 840 4007 Guderintone
865 3943 963 4007 nichil
987 3943 1069 4009 dicit
1095 3945 1186 4026 quod
1214 3942 1292 4006 alibi

194 4049 321 4113 dictum
344 4068 410 4112 non
433 4049 485 4112 sit.

550 4132 743 4196 Manerium
766 4131 806 4195 de
837 4132 943 4198 Wika.

241 4260 311 4318 124.
323 4249 382 4340 [B]
407 4253 573 4317 Walterus
596 4253 679 4318 Cole
705 4253 825 4317 occidit
849 4253 1021 4318 Simonem
1044 4253 1086 4317 de
1110 4251 1293 4336 Wapeieya

195 4374 228 4428 et
251 4364 340 4428 idem
365 4363 482 4428 Simon
507 4363 701 4447 repercussit
725 4365 867 4428 eundem
890 4363 1074 4429 Walterum
1098 4375 1131 4429 et
1154 4375 1294 4448 uterque

358 4517 365 4544 ¹
384 4516 437 4566 Not
449 4515 473 4564 n
487 4515 514 4564 a.
1032 4504 1128 4568 *uhi

723 4617 743 4660 u
761 4617 777 4664 z
