3238 5092
405 428 466 483 DE
489 425 684 483 COMITAT
687 427 717 483 U
736 426 1037 485 GLOUCESTRIE.
1214 431 1276 499 115

219 597 292 656 497.
315 591 486 657 Adrianus
508 591 636 676 Judeus
654 592 777 658 occidit
796 592 984 675 Johannem
1003 591 1108 656 tilium
1131 589 1220 658 Petri
1242 599 1277 655 et

174 712 293 786 captus
313 702 375 768 fuit
394 713 429 770 et
448 705 568 770 ductus
587 704 677 787 apud
695 704 907 770 Londoniam
927 715 962 770 et
978 703 1054 769 ideo
1072 702 1118 768 ibi
1138 703 1276 786 loquen·
1287 708 1341 774 loq.

173 816 255 880 dum
277 835 354 880 cum
372 815 594 898 justiciariis¹;
617 816 739 881 catalla
758 815 900 881 Adriani
924 825 977 899 25¹
998 812 1055 892 pp
1074 825 1109 880 et
1131 814 1278 896 Jacobus
1291 813 1373 880 25'8‘

176 925 378 1004 Hereiord²,
400 928 544 1013 Jopinus
565 928 703 1010 Judeus,
726 928 872 1010 Jacobus
894 929 937 993 de
961 927 1106 1004 Oxonia,
1130 926 1276 1006 Bonefei‚

174 1037 350 1104 Abraham
368 1038 489 1105 Gaban
513 1050 672 1124 ceperunt
694 1040 727 1104 in
748 1061 884 1104 manum
909 1039 1054 1106 habendi
1077 1032 1299 1105 Richoldam'

176 1169 316 1215 uxorem
332 1152 471 1235 predicti
483 1151 627 1217 Adriani
643 1162 678 1217 et
689 1152 819 1230 catalla,
831 1162 865 1217 et
874 1172 939 1218 non
951 1151 1138 1218 habuerunt
1152 1161 1187 1218 et
1202 1152 1279 1216 ideo

176 1281 293 1328 omnes
308 1263 343 1328 in
363 1264 595 1330 misericordia.
634 1265 681 1330 Et
694 1264 840 1346 ,lacobus
862 1266 905 1330 de
928 1264 1064 1331 Oxonia
1086 1275 1121 1330 et
1140 1262 1278 1329 Bonefei
1290 1253 1341 1312 He

176 1386 337 1441 venerunt
355 1384 389 1442 et
409 1376 609 1442 dedixerunt
629 1377 720 1460 quod
745 1396 811 1440 non
833 1386 991 1458 ceperunt
1007 1375 1070 1442 hoc
1088 1377 1122 1440 in
1143 1395 1279 1441 manum

177 1498 213 1552 et
240 1488 460 1554 Coronatores
490 1499 526 1554 et
551 1488 670 1554 Ballivi
699 1489 913 1554 recordantur
941 1489 1032 1572 quod
1062 1487 1134 1572 ipse
1163 1497 1198 1553 et
1223 1487 1393 1557 alii10q²l³

177 1610 335 1684 ceperunt
357 1599 421 1666 hoc
444 1601 477 1664 in
500 1620 636 1665 manum
659 1609 694 1665 et
717 1601 792 1665 ideo
816 1621 882 1664 non
905 1609 1044 1684 possunt
1066 1599 1226 1666 dedicere.
1292 1556 1366 1608 Lonn

221 1713 269 1777 Et
306 1712 550 1797 Ducesunnage
586 1713 694 1795 Judea
730 1713 945 1778 malceredita
981 1715 1025 1777 de
1063 1712 1182 1778 eodem
1219 1733 1280 1799 pro

177 1825 323 1908 quadam
346 1835 438 1890 carta
457 1844 559 1907 quarn
580 1826 792 1890 commiserat
813 1825 945 1890 cuidam
964 1823 1076 1888 vetule
1096 1824 1131 1888 in
1144 1825 1279 1890 vadium
1294 1824 1385 1893 [Μ]

179 1946 214 2001 et
223 1936 314 2001 venit
329 1945 363 2001 et
375 1936 526 2001 defendit
540 1945 661 2002 totum.
684 1937 802 2001 Finem
818 1936 896 2001 lecit
913 1956 973 2019 per
989 1945 1042 2002 ao·
1056 1957 1116 2021 per
1129 1937 1279 2019 plegium
1295 1941 1336 1988 ²0¹

177 2047 353 2114 Abraham
370 2047 489 2113 Gaban
504 2048 562 2113 iet
581 2047 732 2133 Bonefey
748 2047 962 2132 Judeorum⁸.

225 2169 297 2224 498.
321 2162 375 2226 De
393 2162 530 2227 escaetis
545 2161 659 2227 dicunt
679 2163 769 2246 quod
788 2163 932 2246 quedam
956 2171 1042 2228 terre
1060 2161 1174 2244 jacent
1187 2171 1283 2227 vaste

179 2293 245 2357 que
271 2283 370 2359 capte
393 2273 526 2339 fuerunt
551 2275 586 2339 in
616 2294 753 2340 manum
786 2275 913 2340 domini
936 2275 1040 2356 Regis
1070 2276 1104 2338 in
1134 2275 1281 2338 namium
1293 2287 1338 2354 loq

179 2407 241 2470 pro
263 2386 440 2468 langab103
468 2397 502 2452 et
531 2386 640 2451 nullus
662 2387 811 2470 sequitur
831 2387 884 2452 vel
906 2387 993 2471 petit
1014 2387 1171 2468 feodum;
1193 2385 1283 2452 unde

179 2496 384 2580 loquendum
405 2505 456 2562 est
476 2498 707 2562 cumconsilio
723 2497 837 2580 Regis.

224 2616 298 2676 499.
321 2610 375 2676 De
390 2611 610 2694 purpresturis
631 2609 731 2674 nichil
750 2610 868 2677 sclu‘nt.
913 2609 1039 2675 Dicunt
1057 2617 1171 2674 tamen
1191 2610 1283 2693 quod

179 2721 292 2804 plures
318 2721 468 2787 fecerunt
493 2721 587 2786 kaios
609 2742 707 2804 super
735 2721 841 2803 ripam
866 2741 926 2805 per
945 2722 1119 2804 antiquam
1145 2741 1284 2786 consue·

179 2835 331 2898 tudinem
347 2843 381 2898 et
395 2833 473 2897 villa
489 2853 555 2897 non
571 2841 622 2898 est
636 2832 796 2916 pejorata,
807 2852 869 2898 nec
884 2833 1038 2898 dominus
1054 2832 1132 2896 Rex
1148 2831 1282 2914 aliquod

180 2945 365 3028 dampnum
383 2945 485 3010 habet
504 2965 563 3028 per
581 2946 646 3010 hoc
666 2955 700 3010 et
721 2945 796 3009 ideo
817 2944 1028 3028 loquendum,
1044 2964 1104 3009 nec
1119 2945 1283 3009 adventus
1294 2951 1340 3018 loq

180 3057 315 3122 navium
336 3076 396 3140 per
410 3056 475 3123 hoc
495 3057 721 3131 deterioratur,
742 3077 803 3122 nec
817 3057 913 3121 vicini
932 3057 1116 3139 dampnum
1136 3055 1282 3136 habent;

181 3175 216 3231 et
230 3167 366 3232 libertas
387 3187 447 3232 sua
465 3168 543 3232 talis
564 3176 615 3232 est
637 3168 728 3250 quod
748 3167 833 3231 bene
853 3176 992 3250 possunt
1011 3166 1165 3232 edificare
1185 3188 1284 3253 super
1376 3241 1378 3246 ,

180 3299 302 3363 aquam
318 3279 503 3343 dummodo
518 3279 646 3343 nullum
661 3279 704 3344 de
719 3279 876 3361 predictis
891 3277 1067 3361 dampnis⁴
1082 3279 1213 3345 iaciant.

228 3385 373 3478 500.[B]
399 3390 453 3454 De
477 3392 571 3454 novis
598 3391 892 3455 consuetudinibus
917 3391 1035 3455 levatis
1055 3392 1171 3456 dicunt
1192 3391 1282 3475 quod

180 3503 340 3587 waydarii
353 3502 507 3568 solebant
517 3504 664 3567 vendere
674 3503 828 3584 waydam
840 3522 900 3584 per
914 3503 1119 3585 quarterium
1135 3504 1283 3567 cumula·

181 3624 253 3681 tum
270 3624 303 3680 et
316 3634 403 3679 nunc
413 3615 565 3679 vendunt
583 3634 643 3696 per
657 3615 860 3696 quarterium
874 3633 983 3677 rasum
998 3622 1033 3678 et
1045 3613 1108 3679 hoc
1123 3613 1184 3678 fuit
1197 3613 1284 3677 leva-

179 3735 253 3794 tum
276 3737 428 3812 tempore
443 3726 532 3792 Petri
546 3726 589 3790 de
605 3722 770 3790 Cancellis
784 3725 828 3790 ad
844 3725 1030 3789 maximum
1046 3734 1283 3791 nocumentum

180 3841 260 3906 ville
290 3861 358 3906 sue.
403 3840 450 3905 Et
472 3840 548 3905 ideo
571 3849 765 3922 preceptum
789 3849 840 3904 est
866 3837 997 3903 ballivis
1019 3839 1085 3903 suis
1119 3840 1210 3922 quod
1240 3840 1284 3904 de

182 3963 295 4019 cetero
316 3951 466 4015 vendant
489 3950 575 4017 sicut
595 3949 757 4014 solebant.

215 4215 224 4244 ¹
240 4216 269 4265 de
281 4216 419 4282 unoJudeo
432 4217 452 4266 B
464 4215 536 4267 adds.

215 4295 226 4326 ²
242 4298 272 4347 In
284 4299 309 4347 A
319 4299 380 4348 obiit
394 4300 416 4349 is
431 4299 530 4349 written
544 4297 625 4349 above
636 4296 687 4347 this
698 4311 779 4358 name,
792 4296 877 4348 which
889 4297 911 4350 is
921 4297 1006 4349 struck
1017 4304 1070 4349 out.

215 4377 256 4410 Η
271 4380 326 4431 Not
337 4381 363 4430 in
375 4381 404 4432 Β.

215 4461 226 4492 ⁴
241 4461 354 4526 dapnum
366 4461 401 4513 B:
413 4463 438 4512 Α
447 4463 468 4513 is
476 4462 536 4514 here
545 4470 608 4524 torn,
619 4461 798 4514 andadventus
806 4463 914 4514 navium
924 4463 974 4516 aud
982 4461 1103 4530 edificare,
1112 4463 1158 4516 but
1167 4465 1284 4532 partially

180 4543 284 4609 legible,
298 4560 339 4594 are
349 4545 424 4610 given
435 4545 469 4610 by
481 4546 509 4598 B.

714 4631 725 4674 Ι
745 4629 762 4676 2
