3238 5092
296 373 338 435 86
659 382 841 439 PLACITA
868 383 1033 440 CORONE

295 565 401 611 annos
417 546 513 613 rediit
529 547 607 630 ipse,
617 558 651 613 et
666 548 806 614 accessit
821 549 864 613 ad
879 548 1052 614 dominum
1069 549 1198 631 Regem
1208 549 1400 632 Johannem

297 661 345 724 ita
367 661 456 742 quod
479 656 633 724 dominus
656 660 735 725 Rex
762 661 985 725 misericordia
1012 669 1122 725 motus
1145 662 1282 727 tradidit
1303 661 1402 725 illum

299 770 476 853 ingelardo
499 781 577 835 tunc
597 771 783 836 vicecomiti
806 781 841 836 et
863 771 1027 837 concessit
1049 773 1079 836 ei
1101 793 1219 855 pacem
1241 793 1345 849 suam,
1365 781 1403 836 et

298 883 446 966 precepit
461 884 550 965 quod
571 883 635 948 hoc
650 885 772 949 laceret
787 884 921 949 clamari
944 885 977 948 in
993 887 1153 950 comitatu
1168 907 1238 960 suo,
1252 905 1293 948 eo
1308 883 1402 966 quod

298 1002 458 1059 testatum
473 992 535 1059 luit
546 1015 657 1059 coram
673 995 809 1060 domiuo
825 996 921 1078 Rege
936 996 1026 1078 quod
1042 996 1191 1078 predicte
1204 998 1269 1061 due
1279 995 1403 1059 semine

300 1106 475 1171 latronisse
490 1104 629 1186 luerunt,
641 1116 676 1171 et
691 1107 762 1190 ipse
777 1109 965 1192 supervenit
981 1108 1037 1172 ubi
1054 1109 1125 1191 ipse
1139 1108 1312 1172 voluerunt
1325 1108 1404 1170 bur-

300 1239 379 1302 gare
396 1219 565 1302 quandam
584 1220 731 1285 domum.
777 1218 837 1285 Set
855 1241 958 1303 quum
970 1221 1134 1303 juratores
1150 1221 1265 1284 incerti
1281 1229 1359 1284 suut
1374 1220 1404 1283 si

300 1331 372 1414 ipse
387 1330 503 1396 habuit
519 1330 630 1397 literas
646 1331 772 1396 domini
790 1332 892 1415 Regis
906 1334 949 1397 de
965 1331 1028 1396 hoc
1043 1332 1096 1396 vel
1112 1353 1179 1396 non
1186 1333 1207 1412 ¹,
1219 1351 1280 1396 nec
1296 1332 1404 1396 eciam

301 1443 403 1506 scitur
416 1443 444 1506 si
461 1441 655 1525 ingelardus
670 1443 734 1508 hoc
749 1443 828 1509 fecit
842 1445 1038 1510 auctoritate
1053 1465 1112 1508 sua
1127 1445 1260 1528 propria
1274 1443 1328 1507 vel
1344 1463 1406 1526 per

301 1563 495 1638 preceptum
508 1553 634 1618 domini
651 1555 754 1637 Regis
760 1554 780 1634 ¹,
793 1565 983 1638 preceptum
1000 1565 1051 1620 est
1063 1558 1153 1639 quod
1168 1557 1241 1639 ipse
1256 1557 1407 1638 capiatur

133 1668 169 1737 l*
303 1675 338 1730 et
360 1665 481 1730 catalla
510 1666 581 1748 ejus
611 1665 784 1730 seisiantur
808 1676 869 1732 etc.
922 1669 1001 1733 Post
1022 1669 1113 1732 venit
1139 1669 1229 1732 idem
1253 1667 1405 1731 Thomas

135 1745 242 1893 fflh
303 1777 478 1860 languidus
499 1786 532 1841 et
548 1776 581 1839 in
596 1776 713 1842 litera²
730 1790 764 1843 et
783 1779 841 1842 dat
858 1777 899 1854 lm
913 1799 975 1860 pro
997 1779 1152 1843 habenda
1171 1779 1250 1842 inde
1268 1777 1405 1861 inquisi-

134 1891 277 1957 seisiantur]
303 1888 406 1953 cione.
437 1889 483 1952 Et
499 1889 676 1956 comitatus
692 1891 884 1954 recordatur
895 1891 984 1973 quod
1001 1892 1155 1955 dominus
1168 1890 1246 1954 Rex
1261 1892 1406 1973 perdon-

136 1974 229 2040 [Μ]
303 2000 371 2063 avit
391 1998 420 2063 ei
442 2009 593 2076 mortem,
611 2009 644 2064 et
666 2001 755 2083 quod
780 2000 844 2065 hoc
864 2001 942 2065 fecit
966 2024 1001 2067 se
1022 2002 1251 2078 defendend03
1275 2011 1309 2066 et
1329 1999 1406 2064 ideo

304 2121 359 2176 eat
375 2111 452 2176 inde
466 2111 616 2194 quietus3
635 2110 763 2195 plegius
776 2115 818 2176 de
831 2110 873 2190 ξω
884 2112 1071 2176 Willelmus
1087 2111 1173 2176 filius
1190 2112 1383 2176 Hamonis³.

351 2231 424 2286 363.
446 2221 616 2304 Johaunes
637 2224 772 2286 Beusire
792 2223 913 2287 occidit
928 2223 1042 2289 Adam
1065 2222 1236 2286 Benerelle
1256 2232 1290 2287 et
1311 2221 1407 2304 fugit,

135 2344 250 2410 exigatur
306 2343 339 2398 et
358 2333 467 2398 nullus
481 2333 565 2398 alius
581 2335 812 2400 malecreditur
834 2337 909 2399 ideo
932 2337 1107 2416 exigatur3
1134 2345 1168 2398 et
1190 2333 1252 2399 suit
1268 2354 1408 2398 manens

138 2465 265 2518 nereford
306 2448 341 2511 in
360 2447 519 2512 comitatu
537 2446 734 2512 Herelordie
753 2456 804 2511 set
820 2447 969 2511 nesciunt
990 2447 1023 2510 in
1044 2467 1110 2530 qua
1124 2446 1202 2510 villa
1223 2466 1283 2510 nec
1299 2446 1409 2510 sciunt

306 2559 333 2624 si
356 2559 472 2623 habuit
493 2557 625 2635 catalla,
642 2569 675 2623 et
697 2561 771 2623 ideo
794 2559 976 2640 inquiratur
998 2558 1087 2640 apud
1111 2557 1342 2622 Herelordiam
1364 2559 1409 2622 de

307 2672 435 2736 catallis
451 2681 485 2735 et
501 2671 544 2733 de
560 2671 730 2734 mansione
748 2691 816 2734 sua.

353 2789 424 2846 364.
449 2782 552 2863 Hugo
572 2784 615 2846 de
636 2783 816 2846 Bromtoue
836 2782 958 2846 occidit
978 2781 1092 2845 Adam
1113 2780 1200 2844 Ried
1217 2788 1250 2844 et
1264 2779 1360 2862 fugit,
1375 2788 1411 2843 et

308 2895 372 2958 fuit
402 2915 543 2958 maneus
574 2895 607 2957 iu
637 2894 716 2959 villa
747 2896 789 2958 de
820 2893 981 2957 Killicote
1011 2894 1068 2957 ubi
1101 2892 1230 2955 nullum
1260 2891 1412 2956 francum

308 3006 456 3088 plegium
487 3014 561 3084 est;
593 3014 627 3068 et
657 3004 734 3068 ideo
760 3005 876 3069 villata
906 3006 940 3067 iu
971 3004 1219 3082 misericordia3
1246 3012 1280 3067 et
1306 3003 1412 3086 Hugo

309 3118 477 3198 predictus
504 3116 738 3180 malecreditur
767 3118 811 3180 de
841 3125 949 3180 morte
978 3116 1035 3179 illa
1065 3116 1141 3180 ideo
1171 3117 1344 3198 exigatur3
1377 3125 1414 3178 et

312 3225 460 3290 Gunilda
472 3227 560 3291 Petit
577 3236 610 3290 et
620 3226 810 3291 Willelmus
822 3229 898 3291 Red
913 3229 1002 3310 capti
1017 3227 1150 3290 luerunt
1165 3237 1199 3290 et
1215 3227 1413 3309 inprisonati

311 3341 400 3421 apud
424 3337 668 3403 Gloucestriam
695 3360 756 3421 pro
779 3348 887 3402 morte
913 3338 970 3401 illa
997 3347 1030 3402 et
1049 3338 1239 3401 Willelmus
1260 3340 1350 3401 venit
1377 3347 1414 3401 et

311 3450 393 3514 dicit
416 3451 505 3533 quod
529 3451 600 3532 ipse
621 3450 824 3517 deliberatus
840 3450 902 3515 luit
917 3473 937 3515 a
952 3450 1084 3533 prisona
1101 3471 1160 3533 per
1176 3459 1229 3513 20⁸
1241 3470 1326 3532 quos
1342 3451 1414 3532 ipse

312 3563 407 3627 dedit
430 3561 608 3644 Ingelardo
621 3584 629 3643 ;
655 3572 691 3626 et
713 3564 788 3627 ideo
812 3562 1009 3645 Ingelardus
1031 3563 1109 3625 inde
1132 3563 1352 3644 respondeat;
1380 3570 1416 3624 et

312 3675 500 3738 Willelmus
526 3675 677 3740 defendit
701 3685 841 3740 mortem
865 3685 898 3740 et
923 3683 1033 3738 totum
1060 3683 1123 3738 etc.
1145 3684 1179 3738 et
1201 3673 1296 3756 ponit
1322 3693 1358 3736 se
1381 3675 1416 3736 in

314 3788 483 3851 veredicto
503 3803 540 3852 12
561 3786 746 3869 juratorum
770 3787 812 3850 de
835 3787 924 3852 bono
947 3796 981 3850 et
1003 3787 1046 3850 de
1069 3785 1179 3863 malo;
1206 3793 1240 3849 et
1265 3801 1303 3847 12
1323 3783 1416 3865 jura-

315 3907 404 3962 tores
427 3899 543 3962 dicunt
564 3901 653 3980 quod
675 3899 746 3980 ipse
769 3918 836 3962 non
857 3908 908 3963 est
926 3898 1004 3961 inde
1027 3896 1203 3979 culpabilis
1225 3906 1278 3959 set
1303 3916 1417 3959 revera

317 4009 406 4072 idem
435 4007 576 4074 Adam⁴
608 4019 641 4074 et
668 4008 815 4074 Gunilda
844 4017 922 4073 sunt
952 4009 1030 4073 inde
1060 4007 1244 4092 culpabiles
1274 4016 1309 4071 et
1339 4007 1417 4070 ideo

348 4208 388 4239 ¹⁹¹
402 4210 458 4259 Not
465 4211 491 4260 iu
504 4212 533 4261 B.
1094 4211 1104 4238 ²
1120 4212 1214 4262 lectura
1225 4211 1254 4260 B.

350 4289 361 4319 ⁸
376 4293 484 4356 Agaiust
495 4294 584 4344 earlier
595 4300 650 4359 part
662 4295 692 4345 oi
701 4295 750 4343 this
761 4309 817 4344 case
828 4293 850 4343 B
861 4293 907 4344 has
918 4293 944 4343 iu
955 4295 1052 4359 margin
1062 4295 1213 4360 loquendum
1224 4292 1252 4343 de
1266 4291 1360 4343 noum
1372 4274 1422 4358 q'ui

318 4379 453 4438 receptatus
464 4382 499 4424 est
509 4375 538 4424 in
549 4376 657 4426 Abbatt'a
671 4377 828 4428 Gloucestrie.

350 4453 361 4522 ξ
377 4453 418 4506 Sic
430 4455 455 4506 in
467 4457 490 4506 A
503 4458 552 4507 und
564 4458 591 4518 B,
604 4459 649 4508 but
662 4459 785 4523 probably
796 4459 817 4509 it
828 4458 919 4510 should
930 4460 962 4511 be
974 4460 1057 4524 liuga.
