3238 5092
430 405 490 458 DE
514 403 705 459 COMITAT
709 405 738 458 U
757 404 1054 460 GLOUCESTRIE.
1251 410 1292 481 55

192 584 233 628 eo
256 564 288 628 in
311 564 459 647 hospicio
482 585 541 628 suo
564 573 598 628 et
619 567 662 629 de
681 575 878 649 manupastu
903 566 981 648 ejus,
997 569 1110 630 dicunt
1129 565 1293 648 juratores

192 676 282 757 quod
310 677 380 759 ipse
405 674 555 739 similiter
577 674 640 740 fuit
667 677 878 740 consenciens
901 678 963 759 ipsi
987 687 1234 757 receptamento
1257 686 1292 741 et

191 786 266 860 aliis
293 787 471 851 maleficiis.
516 788 562 852 Et
580 787 693 851 villate
717 788 760 851 de
781 788 945 871 Horslege
971 792 1013 853 de
1028 788 1232 852 Wdecestria
1256 799 1291 853 et
1303 815 1363 864 susp

194 898 422 962 Rodmertone
447 908 480 962 et
505 900 549 963 de
574 897 785 963 Tettesburia
811 900 900 964 idem
923 901 1047 974 dicunt,
1064 908 1097 962 et
1116 900 1191 962 ideo
1212 919 1289 963 con·
1302 921 1361 971 susp

193 1011 374 1073 sideratum
400 1018 450 1073 est
475 1010 564 1091 quod
589 1010 651 1090 ipsi
675 1012 924 1091 suspendantur.

239 1127 310 1183 229.
323 1115 382 1207 [Β]
406 1119 593 1184 Willelmus
609 1121 652 1184 de
668 1119 848 1185 Lichelade
868 1131 985 1204 captus
1002 1120 1063 1184 fuit
1077 1141 1137 1203 per
1152 1120 1291 1185 indicta-

195 1240 343 1296 mentum
368 1248 406 1296 12
426 1230 612 1312 juratorum
635 1231 678 1294 de
699 1233 872 1295 latrocinio
894 1233 1078 1296 bidentium
1102 1233 1291 1295 iuratarum.

195 1343 242 1406 Et
264 1343 335 1424 ipse
349 1343 440 1406 venit
462 1362 573 1406 coram
592 1343 780 1423 justiciariis
803 1352 837 1407 et
861 1342 967 1406 noluit
987 1363 1111 1426 ponere
1135 1363 1171 1406 se
1195 1363 1292 1426 super

190 1452 363 1535 juratam¹.
408 1453 454 1517 Et
477 1454 539 1537 ipsi
562 1454 678 1518 dicunt
701 1473 800 1536 super
820 1463 1062 1518 sacramentum
1084 1472 1179 1516 suum
1203 1453 1292 1534 quod

194 1563 381 1647 intelligunt
397 1564 505 1646 ipsum
529 1585 601 1628 esse
621 1565 784 1629 latronem
806 1567 849 1629 de
864 1564 1056 1628 bidentibus
1071 1563 1185 1627 furatis
1203 1564 1293 1646 apud

194 1674 371 1738 Blebiriam
402 1685 453 1738 set
485 1677 634 1740 nesciunt
664 1677 799 1740 nomina
826 1696 940 1740 eorum
971 1694 1112 1758 quorum
1142 1675 1293 1738 bidentes

194 1784 325 1849 fuerunt
345 1796 378 1850 et
399 1786 511 1850 villate
529 1788 572 1851 de
588 1786 766 1852 Lichelade
783 1787 951 1869 Suthrope
970 1787 1120 1869 Eytrope
1138 1785 1294 1848 Kermer·

194 1896 288 1960 sorde
299 1895 322 1960 ².

593 2103 726 2168 [namu.
744 2107 778 2153 14
795 2103 883 2168 dors]

472 2219 693 2288 Hmzdredum
716 2227 755 2289 de
782 2223 1015 2289 Theokesbiria·

239 2368 312 2425 230.
336 2361 514 2424 Mauricius
540 2359 626 2424 filius
648 2361 787 2424 Roberti
814 2363 856 2424 de
879 2359 1069 2425 Oxendone
1093 2368 1127 2423 et
1149 2361 1294 2442 quedam

195 2472 321 2535 Cecilia
351 2471 419 2536 filia
447 2461 606 2535 Willelmi
637 2472 826 2535 ceciderunt
860 2472 903 2534 de
932 2473 1076 2553 quodam
1109 2470 1232 2534 batello
1262 2473 1295 2534 in

193 2603 315 2664 aquam
346 2585 388 2647 de
421 2581 577 2658 Saueme,
604 2591 637 2646 et
667 2582 827 2646 submersi
855 2580 996 2656 fuerunt,
1022 2591 1056 2645 et
1087 2581 1235 2644 Thomas
1265 2583 1297 2645 le
1388 2607 1394 2614 ·

195 2693 316 2756 Punter
337 2694 398 2756 suit
416 2714 491 2756 cum
514 2694 561 2757 eis
580 2694 612 2755 in
635 2693 759 2757 batello
782 2691 840 2755 illo
862 2691 917 2756 ³et
936 2693 994 2755 vix
1017 2690 1152 2766 evasit³,
1170 2701 1204 2755 et
1227 2712 1293 2756 non
1308 2751 1352 2802 18⁴¹

195 2804 425 2868 malecreditur
438 2825 497 2886 per
516 2821 553 2866 12
566 2805 748 2886 juratores3
768 2804 913 2885 precium
930 2801 1044 2867 batelli
1064 2800 1134 2879 18‘¹;
1153 2802 1294 2868 ⁴dentur
1305 2817 1451 2869 deodentur

194 2914 256 2978 deo
272 2915 314 2978 ad
330 2925 466 2996 pontem
477 2913 507 2990 4;
525 2925 559 2979 et
574 2914 678 2978 abbas
692 2914 755 2978 hoc
771 2914 858 2997 cepit
874 2916 907 2978 in
924 2934 1078 2991 manum;
1094 2923 1128 2977 et
1143 2913 1293 2978 Thomas

194 3024 225 3088 le
242 3006 365 3088 Punter
379 3033 433 3088 eat
449 3025 527 3088 inde
543 3025 683 3108 quietus.
1093 3009 1098 3019 ⁵

239 3143 310 3200 231.
336 3137 498 3200 Ricardus
520 3134 607 3198 filius
622 3134 781 3199 Willelmi
804 3136 923 3201 cecidit
944 3137 986 3200 de
1007 3136 1153 3218 quodam
1170 3135 1294 3201 batello

193 3249 226 3310 in
243 3247 426 3326 Sabrinam,
442 3257 477 3310 et
497 3247 685 3312 submersus
705 3247 774 3326 fuit,
789 3257 823 3312 et
840 3247 1003 3330 juratores
1023 3235 1294 3331 presentaverunt

194 3361 227 3422 in
241 3359 408 3423 veredicto
431 3379 491 3422 suo
509 3360 599 3441 quod
622 3359 692 3441 ipse
713 3359 832 3423 cecidit
850 3359 893 3422 de
912 3359 1038 3423 saleisia
1058 3361 1091 3422 in
1112 3378 1243 3440 aquam,
1259 3368 1294 3422 et

194 3469 364 3533 inventum
393 3469 456 3533 fuit
486 3470 520 3532 in
550 3469 665 3533 rotulis
695 3479 926 3533 coronatorum
963 3471 1054 3551 quod
1095 3469 1215 3534 cecidit
1250 3469 1293 3532 de

194 3579 326 3656 batello‚
343 3589 377 3643 et
391 3579 504 3644 villate
522 3579 771 3662 propinquiores
791 3579 854 3643 hoc
875 3581 963 3643 idem
980 3587 1152 3657 testantur,
1168 3587 1202 3642 et
1217 3578 1293 3642 ideo
1305 3639 1338 3688 ad
1352 3637 1392 3688 ‘ud

193 3691 237 3754 ad
270 3690 431 3772 judicium
468 3691 512 3755 de
544 3691 766 3771 juratoribus;
803 3691 950 3772 precium
987 3688 1101 3754 butelli
1139 3687 1175 3750 6d
1204 3654 1357 3753 undem]
1394 3655 1419 3688 m

194 3801 345 3884 tethinga
367 3804 410 3865 de
434 3801 551 3865 Muthe
574 3801 674 3864 debet
697 3799 903 3882 respondere.

240 3919 313 3976 2³2.
337 3912 493 3976 Paulinus
513 3911 625 3994 garcio
645 3911 701 3993 qui
720 3910 899 3974 custodivit
919 3931 1024 3992 equos
1042 3909 1169 3974 domini
1191 3909 1296 3992 Regis

195 4024 315 4089 cecidit
336 4023 378 4086 de
397 4024 544 4105 quodam
563 4021 688 4086 batello
709 4021 742 4084 in
767 4021 955 4099 Sabrinam,
973 4031 1007 4085 et
1023 4021 1210 4085 submersus
1225 4021 1295 4099 suit,

228 4159 235 4186 ¹
245 4159 305 4223 jur.

227 4237 237 4266 ²
255 4239 322 4288 Here
335 4238 355 4287 B
366 4244 437 4304 stopa
447 4237 532 4297 short;
548 4240 572 4288 Α
585 4239 606 4287 is
619 4237 693 4287 much
704 4237 835 4288 mutilated
846 4237 892 4287 bnt
903 4237 953 4286 had
965 4251 1043 4293 more,
1054 4236 1155 4298 semble,
1167 4237 1296 4287 Similiter

194 4321 283 4370 dicunt
298 4327 322 4370 e!
338 4320 391 4369 ideo
407 4321 570 4370 caustodiatur.
604 4319 676 4368 After
688 4320 737 4369 this
748 4321 817 4370 there
828 4336 870 4370 are
881 4320 907 4369 in
918 4321 942 4368 A
955 4319 998 4368 the
1014 4319 1121 4368 remains
1133 4319 1202 4369 osan
1219 4326 1297 4382 entry,

196 4402 247 4453 No.
260 4416 316 4465 ²41·
325 4401 408 4451 which
421 4401 445 4450 in
457 4401 477 4450 B
488 4417 574 4451 occurs
586 4400 664 4450 under
675 4417 691 4449 a
701 4399 815 4452 different
825 4401 941 4465 heading.

229 4480 270 4511 Η
287 4483 423 4534 Interlined
434 4483 458 4532 iu
471 4485 511 4544 A;
529 4483 553 4532 in
566 4489 618 4532 text
630 4482 660 4532 oi
668 4483 696 4532 B.
854 4481 893 4513 Η
910 4483 1084 4549 denturponti
1090 4490 1138 4549 pro
1149 4483 1190 4534 deo
1201 4484 1230 4533 B.
