3234 5072
429 442 490 496 DE
513 440 738 499 COMITATU
758 441 1053 498 GLOUCESTRIE.
1250 451 1286 518 21

369 709 492 775 Villata
514 709 554 772 de
574 710 740 792 Mereseld
752 720 815 792 per
833 718 950 792 septem
971 708 1122 773 homines.

235 864 286 920 85.
311 855 438 922 Hiselia
469 867 502 922 et
531 857 675 923 Cristina
701 859 744 922 de
776 856 936 921 Mereleld
966 856 1072 921 occise
1098 831 1230 919 suerunt
1257 855 1289 918 in
1333 921 1337 930 ,

189 968 291 1032 domo
313 969 462 1051 ejusdem
485 967 628 1033 Cristine
649 991 669 1032 a
692 968 979 1047 malefactoribus3
1011 967 1152 1032 nescitur
1174 988 1195 1031 a
1219 967 1291 1049 qui-

188 1079 269 1158 bus3
293 1080 401 1146 nullus
416 1080 655 1145 malecreditur.
699 1079 936 1163 Englescheria
958 1089 1150 1163 presentata
1172 1079 1232 1145 suit
1256 1090 1290 1144 et

188 1201 431 1273 presentatores
447 1193 567 1258 mortui
589 1201 675 1258 sunt.

498 1391 717 1457 Hundredum
739 1391 779 1456 de
800 1392 980 1456 Durlzurst.

234 1555 284 1613 86.
309 1548 461 1632 Rogerus
489 1551 659 1616 Bercarius
685 1553 807 1616 occidit
829 1550 1036 1615 Willelmum
1063 1550 1106 1614 de
1131 1548 1288 1614 Staunte-

186 1659 280 1742 brige
295 1661 329 1723 in
344 1662 446 1725 domo
467 1661 616 1744 ejusdem
632 1662 792 1727 Willelmi
808 1673 842 1727 et
857 1663 963 1745 iugit3
987 1672 1023 1727 et
1038 1660 1100 1725 luit
1115 1662 1158 1727 de
1174 1680 1288 1724 manu·

187 1780 285 1853 pastu
318 1771 454 1837 Henrici
485 1774 528 1837 de
559 1773 642 1838 Cors
671 1783 705 1839 et
732 1775 897 1858 juratores
926 1773 1041 1837 dicunt
1072 1773 1162 1855 quod
1196 1773 1287 1835 idern

189 1881 355 1947 Henricus
378 1882 439 1948 fuit
462 1885 496 1949 in
519 1886 621 1950 domo
650 1886 786 1969 quando
815 1887 944 1951 occisus
966 1885 1037 1961 luit,
1061 1893 1096 1948 et
1120 1881 1287 1947 Henricus
1301 1909 1389 1960 utlest

186 1993 250 2057 hoc
282 1996 437 2077 cognovit
467 2005 500 2060 et
535 1996 610 2061 ideo
640 1997 852 2062 custodiatur.
906 1997 1031 2061 Dicunt
1061 1996 1165 2060 eciam
1196 1996 1285 2077 quod
1301 2016 1412 2082 [custod]

186 2103 275 2168 idem
301 2105 452 2188 Rogerus
474 2106 637 2173 adduxit¹
662 2129 785 2191 equum
812 2109 915 2190 ipsius
940 2107 1087 2172 Henrici.
1135 2106 1287 2190 Rogerus

187 2215 355 2300 utlagatus
372 2228 424 2282 est
439 2239 498 2301 per
512 2231 637 2284 sectam
653 2221 767 2284 uxoris
781 2219 949 2294 willelmi,
966 2230 1000 2284 et
1015 2219 1127 2283 villata
1143 2219 1186 2282 de
1206 2217 1288 2282 Cors

186 2329 341 2411 cognovit
357 2331 447 2411 quod
462 2350 530 2396 non
545 2330 606 2395 luit
629 2352 767 2396 manens
787 2331 821 2395 in
835 2331 914 2396 villa
932 2351 991 2394 sua
1007 2331 1110 2395 immo
1131 2331 1287 2395 itinerans

186 2439 230 2502 de
250 2439 324 2503 loco
344 2441 377 2503 in
397 2442 515 2505 locum.
561 2441 732 2524 juratores
755 2442 882 2506 nullum
904 2443 1005 2506 alium
1029 2441 1116 2506 male
1138 2443 1286 2507 credunt.

187 2547 339 2633 Rogerus
354 2543 444 2616 hulla
458 2553 577 2617 catalla
593 2553 719 2618 habuit.
763 2552 906 2618 ²Finem
922 2553 999 2618 lecit
1014 2574 1073 2636 per
1089 2558 1128 2634 lm
1139 2551 1162 2615 ².
1300 2574 1335 2644 l·

232 2663 305 2727 87³.
331 2662 493 2746 Georgius
530 2666 573 2729 de
611 2664 796 2730 Nitheweie
832 2665 981 2747 appellat
1018 2664 1212 2730 Estmarum
1243 2664 1287 2728 de

186 2773 394 2857 Netheweye
413 2777 502 2858 quod
523 2776 696 2840 assultavit
715 2798 791 2841 eum
812 2798 877 2840 una
898 2796 973 2840 curn
990 2776 1123 2840 Thoma
1142 2775 1287 2840 filiosuo

187 2895 221 2950 et
245 2887 429 2951 vulneravit
455 2908 530 2951 eum
558 2888 591 2951 in
610 2887 744 2953 brachio
767 2897 801 2952 et
824 2908 964 2952 uxorem
988 2887 1058 2971 ejus
1077 2887 1237 2964 similiter,
1254 2897 1288 2952 et

186 2999 275 3079 quod
302 2997 365 3062 hoc
389 2997 469 3064 iecit
495 2999 646 3082 nequiter
670 3008 704 3064 et
731 3000 764 3063 in
791 2999 912 3064 felonia
936 3008 970 3064 et
996 3001 1030 3063 in
1057 3020 1140 3082 pace
1160 2999 1286 3064 domini

187 3108 289 3192 Regis
319 3109 415 3174 offert
441 3110 582 3192 probare
605 3131 718 3174 versus
744 3131 820 3174 eum
846 3132 1049 3194 percorpus
1080 3111 1165 3175 sicut
1195 3111 1285 3175 curia

185 3221 448 3285 consideraverit.
504 3221 625 3285 Postea
653 3242 731 3286 vero
761 3223 885 3286 dedicit
916 3223 1006 3305 quod
1039 3243 1105 3287 non
1135 3223 1283 3305 appellat
1297 3232 1386 3300 [tram]

185 3331 379 3396 Estmarum
400 3333 442 3396 de
462 3331 550 3396 lacto
570 3334 674 3396 immo
689 3332 857 3398 Thomam
877 3335 919 3398 de
934 3334 1022 3399 iacto
1039 3344 1074 3399 et
1091 3335 1283 3400 Estmarum

184 3443 227 3506 de
241 3443 294 3522 vi;
317 3452 351 3508 et
367 3443 442 3508 ideo
458 3443 608 3509 Thomas
623 3447 781 3527 capiatur.

229 3555 309 3619 Post
337 3556 428 3620 venit
458 3555 607 3620 Thomas
638 3564 673 3619 et
705 3555 867 3639 Georgius
897 3557 1044 3640 appellat
1081 3579 1157 3621 eum
1193 3561 1283 3641 quod

185 3667 336 3748 nequiter
359 3676 393 3730 et
417 3667 451 3730 in
473 3666 594 3731 felonia
621 3677 655 3731 et
679 3669 712 3731 in
734 3689 816 3750 pace
836 3668 962 3732 domini
982 3669 1085 3750 Regis
1101 3669 1285 3733 vulneravit

87 3852 93 3862 ¹
184 3798 260 3842 eum
284 3777 317 3840 in
348 3777 483 3842 brachio
513 3775 579 3842 ⁴de
613 3787 711 3843 nocte
741 3780 796 3842 die
826 3779 994 3843 dominica
1024 3781 1178 3862 proxima
1208 3791 1285 3863 post

185 3888 413 3953 Pentecostem
436 3909 524 3953 anno
554 3890 662 3971 primo
689 3890 791 3972 Regis
818 3889 987 3966 Henrici⁴,
1010 3900 1044 3954 et
1067 3889 1131 3954 hoc
1152 3900 1287 3972 paratus

185 4008 235 4063 est
244 3998 385 4080 probare
394 4019 507 4063 versus
520 4021 595 4064 eum
609 4001 692 4065 sicut
705 4002 794 4065 curia
810 4001 1074 4078 consideraverit,
1087 4003 1171 4066 sicut
1182 4002 1285 4067 homo

218 4201 225 4230 ¹
242 4203 349 4252 abdant
361 4204 388 4254 Β.

217 4283 257 4312 ²·'
274 4285 410 4350 Postscript
422 4293 466 4335 not
478 4287 554 4335 iound
567 4287 591 4336 in
602 4288 630 4338 B.
654 4287 677 4336 lt
689 4287 710 4336 is
722 4287 816 4350 Henry.
825 4296 869 4338 not
884 4289 975 4352 Roget.
985 4289 1042 4338 who
1054 4289 1140 4341 makes
1152 4290 1214 4353 fine;
1232 4291 1283 4341 this

184 4367 206 4417 is
218 4365 274 4429 why
285 4367 443 4416 mstodiarur
451 4367 595 4433 disappears
606 4367 669 4418 from
681 4369 724 4419 the
734 4369 845 4434 margim
864 4371 947 4436 Roger
959 4371 980 4420 is
991 4371 1092 4422 outlaw.

217 4447 227 4478 ⁸
242 4447 289 4498 See
300 4455 358 4498 note
369 4464 402 4498 on
414 4448 463 4498 this
474 4465 537 4500 ease.
572 4450 596 4498 Α
608 4449 653 4499 few
665 4451 747 4500 words
759 4466 800 4500 are
811 4451 925 4517 supplied
937 4452 1002 4503 from
1015 4453 1042 4504 B.

217 4529 255 4559 ‘·⁴
272 4529 405 4581 interlined
418 4531 480 4582 both
492 4532 516 4582 in
529 4533 552 4581 Α
564 4533 613 4582 aud
626 4533 654 4582 Β,
