3234 5072
433 447 495 504 DE
517 448 711 506 COMITAT
712 450 741 504 U
761 448 1058 504 GLOUCESTRIE.
1256 453 1296 524 37

195 617 305 682 Eunte
327 616 474 701 quodam
495 615 631 680 rastello
656 624 691 680 et
716 614 801 697 fugit
829 625 864 680 et
889 624 1006 697 postea
1035 613 1178 678 reddidit
1202 633 1238 676 se
1264 613 1298 674 in

195 730 388 812 religionem
407 728 496 810 apud
515 727 714 791 Bathoniam
731 737 765 791 et
780 727 896 790 villata
911 728 955 790 de
967 725 1147 790 Westbiria
1163 725 1218 788 ubi
1234 724 1298 790 hoc

195 841 320 906 factum
336 840 400 904 fuit
417 840 574 921 cognovit
589 840 679 922 quod
696 859 762 903 non
781 838 903 902 levavit
924 848 1022 921 uteys
1044 847 1077 902 et
1096 837 1186 920 quod
1207 836 1296 900 idem

195 953 365 1035 Johannes
387 970 515 1014 moram
531 949 609 1015 iecit
625 951 659 1013 in
673 950 753 1014 vilia
772 971 831 1014 sua
848 969 952 1033 usque
971 950 1014 1015 ad
1030 959 1186 1031 quartum
1207 947 1296 1012 diem

195 1074 272 1148 post
283 1063 417 1146 plagam
430 1061 553 1126 iactam
566 1070 600 1125 et
612 1082 679 1125 non
691 1071 916 1127 arestaverunt
928 1082 1013 1139 eum,
1023 1071 1057 1124 et
1069 1061 1145 1124 ideo
1154 1061 1186 1124 in
1199 1060 1297 1124 mise·

195 1176 342 1240 ricordia.
374 1175 420 1239 Et
431 1173 595 1256 juratores
605 1173 720 1238 dicunt
732 1174 822 1257 quod
833 1174 969 1255 quidam
979 1171 1148 1237 Walterus
1164 1171 1295 1254 Flagel-
1307 1175 1360 1232 fissa

195 1286 282 1352 lator
300 1288 357 1370 qui
376 1296 541 1351 arestatus
560 1285 622 1349 fuit
642 1306 703 1368 pro
723 1286 843 1349 eodem
859 1285 949 1349 facto
970 1305 1036 1348 non
1053 1293 1104 1348 est
1121 1282 1295 1366 culpabilis

196 1409 229 1465 et
249 1400 326 1464 ideo
346 1398 424 1462 inde
445 1399 585 1480 quietus.
632 1397 677 1461 Et
689 1396 854 1479 juratores
872 1397 988 1460 dicunt
1004 1396 1094 1478 quod
1112 1395 1294 1459 Nicholaus

194 1510 276 1575 obiit
298 1510 387 1592 apud
410 1508 560 1573 Bristow.
606 1508 653 1573 Et
676 1511 854 1573 comitatus
876 1509 1067 1574 recordatur
1089 1509 1293 1572 consuetudo
1306 1518 1350 1594 loq
1361 1534 1408 1584 sup

193 1642 254 1686 sua
276 1642 348 1686 esse
370 1622 460 1704 quod
484 1620 653 1684 murdrum
676 1620 779 1685 debet
801 1620 874 1702 capi
895 1619 1084 1702 ubicunque
1103 1619 1294 1703 vulneratus
1307 1584 1373 1634 ant

195 1734 334 1800 moritur
364 1742 398 1797 et
428 1733 504 1795 ideo
534 1731 579 1795 ibi
609 1731 813 1814 loquendum
843 1733 886 1796 de
913 1732 1046 1796 murdro
1073 1741 1135 1796 etc.
1182 1732 1227 1795 Et
1250 1731 1293 1794 ad
1309 1750 1353 1816 [ad
1362 1750 1419 1818 jud]

191 1843 352 1926 judicium
364 1845 407 1908 de
419 1844 529 1907 Priore
541 1843 705 1908 Bathonie
720 1843 776 1926 qui
792 1843 938 1926 suscepit
950 1844 1091 1907 eundem
1104 1843 1294 1925 Johannem

194 1953 226 2021 le
243 1957 314 2020 Rus
329 1957 362 2020 in
378 1955 580 2039 religionem.
628 1953 759 2019 Catulla
773 1955 935 2036 Johannis
951 1955 982 2019 le
999 1955 1071 2018 Rus
1086 1955 1213 2038 fugitivi
1233 1964 1294 2020 12¹³
1307 1973 1350 2037 loq
1363 1981 1412 2021 ηπ

194 2088 277 2151 quas
295 2069 382 2150 prior
402 2067 520 2131 habuit
541 2077 575 2131 et
598 2075 641 2149 3¹⁰
665 2067 753 2131 unde
770 2067 879 2131 Lucas
895 2067 1128 2131 Parmesbotes
1146 2068 1188 2131 de
1206 2067 1293 2129 Bris·
1307 2076 1350 2135 40⁸
1421 2123 1423 2128 .

193 2179 288 2246 tollia
304 2179 514 2262 respondeat.

237 2289 359 2374 ¹Apud
376 2289 579 2354 Bristolliam
595 2300 756 2355 venerunt
779 2291 870 2355 Prior
891 2290 1055 2356 Bathonie
1074 2300 1108 2356 et
1129 2291 1217 2355 idem
1238 2291 1296 2373 Jo-

193 2402 336 2480 hannes;
356 2413 390 2467 et
405 2402 558 2466 dominus
572 2401 804 2467 Bathoniensis
820 2423 878 2486 per
891 2403 1071 2468 Ricardum
1088 2405 1130 2467 de
1144 2403 1295 2485 Kamges

194 2515 349 2579 clericum
369 2534 465 2578 suum
486 2514 571 2597 petit
586 2514 711 2578 curiam
730 2535 824 2578 suam
842 2514 1102 2579 Christianitatis
1118 2515 1160 2578 de
1176 2516 1294 2579 eodem

195 2625 356 2708 Johanne‚
370 2635 404 2689 et
414 2624 526 2704 habet,
538 2635 572 2689 et
584 2625 709 2690 dictum
727 2634 777 2689 est
789 2625 819 2689 ei
831 2627 921 2707 quod
931 2634 1044 2690 teneat
1057 2646 1092 2689 se
1104 2626 1137 2688 in
1153 2624 1297 2690 claustro

195 2759 255 2802 suo
268 2748 345 2822 post
356 2738 587 2822 purgationem
603 2757 697 2801 suam
713 2738 740 2800 si
754 2759 828 2801 eam
841 2736 947 2802 iacere
959 2738 1102 2819 poterit;
1126 2747 1160 2801 et
1175 2737 1297 2802 catalla

195 2851 325 2915 interim
348 2858 542 2924 remaneant
564 2848 597 2911 in
626 2869 725 2912 manu
753 2848 901 2931 ejusdem
929 2849 1049 2913 Prioris
1073 2850 1179 2914 donec
1206 2850 1296 2914 aliud

196 2963 273 3026 inde
287 2962 454 3044 provisum
470 2958 597 3024 fuerit1.

244 3079 313 3137 129.
327 3068 386 3160 [B]
415 3071 650 3136 Malesactores
687 3072 878 3137 occiderunt
916 3072 1118 3138 Matillidem
1156 3093 1295 3137 uxorem

197 3186 336 3250 Roberti
354 3183 458 3249 Stirte
475 3193 508 3246 et
524 3183 711 3266 ligaverunt
728 3185 836 3266 ipsum
855 3184 1041 3248 Robertum
1063 3196 1097 3250 et
1112 3184 1296 3249 Walterum

195 3298 393 3361 servientem
417 3315 513 3358 suum
534 3303 568 3357 et
589 3292 703 3358 Adam
724 3294 826 3360 irater
846 3295 949 3378 ipsius
972 3294 1148 3359 Matillidis
1171 3317 1227 3360 eos
1249 3299 1297 3359 in-

195 3409 286 3472 venit
298 3409 404 3491 primo
421 3415 454 3470 et
470 3405 580 3482 venit;
604 3415 637 3470 et
651 3406 818 3470 Robertus
835 3408 926 3471 venit
938 3417 972 3471 et
985 3427 1050 3470 non
1068 3407 1298 3472 malecreditur

196 3530 230 3586 et
238 3521 314 3585 ideo
323 3519 470 3602 quietus3
482 3517 624 3582 nescitur
634 3517 690 3600 qui
703 3516 834 3581 suerunt
846 3518 907 3600 ipsi
919 3516 1155 3582 malefactores.
1172 3518 1297 3599 Engle·

195 3631 322 3698 scheria
336 3639 526 3714 presentata
544 3629 605 3694 suit
621 3639 655 3693 et
670 3631 737 3694 duo
753 3641 1019 3713 presentatorum
1036 3631 1157 3695 mortui
1174 3641 1260 3693 sunt.

243 3750 312 3807 130.
326 3737 385 3830 [B]
413 3741 577 3806 Radulius
605 3742 648 3806 de
682 3741 830 3806 Matford
860 3742 982 3806 occidit
1012 3742 1126 3806 Adam
1160 3741 1294 3805 fratrem

194 3875 291 3921 suurn
307 3864 341 3919 et
356 3853 440 3936 sugit
455 3863 488 3919 et
504 3852 566 3916 fuit
583 3854 616 3917 in
635 3853 782 3918 decenna
802 3853 909 3917 tocius
928 3853 1006 3917 ville
1026 3853 1069 3916 de
1086 3852 1191 3917 Stoke
1208 3852 1294 3933 Elye
1309 3908 1343 3948 2„

195 3965 335 4032 Giffardi
351 3975 385 4031 et
400 3966 476 4030 ideo
493 3965 526 4028 in
543 3965 763 4030 misericordia
777 3989 785 4042 ;
809 3965 917 4028 nullus
937 3965 1021 4029 alius
1042 3964 1293 4042 malecreditur3
1306 3991 1358 4048 ᾗῇ

194 4079 633 4163 judicium-interrogetur
658 4088 693 4142 et
720 4077 906 4162 utlagetur3
937 4077 1057 4143 catalla
1088 4076 1224 4141 Radulfi
1252 4085 1379 4156 cmunag
1453 4159 1456 4166 Ι

196 4193 284 4256 unde
308 4191 475 4273 Engelard
499 4189 708 4272 respondeat.

242 4309 312 4368 131.
326 4297 386 4390 [Β]
408 4301 640 4366 Malesactores
652 4302 842 4366 occiderunt
853 4301 974 4385 Elyam
989 4301 1159 4366 Pastorem
1173 4309 1271 4366 noctu
1285 4326 1293 4380 ;

305 4545 343 4578 Η
360 4545 423 4597 This
434 4561 485 4597 nas
495 4553 540 4598 not
553 4547 577 4598 in
589 4548 621 4609 Α,
634 4546 683 4599 aud
695 4547 721 4598 in
733 4547 754 4599 B
765 4548 786 4598 is
796 4548 932 4615 postscript
943 4547 977 4615 by
988 4546 1093 4600 another
1103 4545 1178 4598 hand
1291 4604 1295 4614 ¹
