<?xml version="1.0" encoding="UTF-8"?>
<!DOCTYPE html PUBLIC "-//W3C//DTD XHTML 1.0 Transitional//EN"
    "http://www.w3.org/TR/xhtml1/DTD/xhtml1-transitional.dtd">
<html xmlns="http://www.w3.org/1999/xhtml" xml:lang="en" lang="en">
 <head>
  <title>
</title>
<meta http-equiv="Content-Type" content="text/html;charset=utf-8" />
  <meta name='ocr-system' content='tesseract 3.04.00' />
  <meta name='ocr-capabilities' content='ocr_page ocr_carea ocr_par ocr_line ocrx_word'/>
</head>
<body>
  <div class='ocr_page' id='page_1' title='image "./pleascrownforco00maitgoog_0083.png"; bbox 0 0 3234 5072; ppageno 0'>
   <div class='ocr_carea' id='block_1_1' title="bbox 465 442 1328 520">
    <p class='ocr_par' dir='ltr' id='par_1_1' title="bbox 465 442 1328 520">
     <span class='ocr_line' id='line_1_1' title="bbox 465 442 1328 520; baseline -0.003 -14"><span class='ocrx_word' id='word_1_1' title='bbox 465 448 527 505; x_wconf 88' lang='lat' dir='ltr'>DE</span> <span class='ocrx_word' id='word_1_2' title='bbox 549 447 743 506; x_wconf 78' lang='lat' dir='ltr'><em>COMITAT</em></span> <span class='ocrx_word' id='word_1_3' title='bbox 744 446 774 505; x_wconf 89' lang='lat' dir='ltr'><em>U</em></span> <span class='ocrx_word' id='word_1_4' title='bbox 792 442 1090 504; x_wconf 84' lang='lat' dir='ltr'><em>GLOUCESTRIE.</em></span> <span class='ocrx_word' id='word_1_5' title='bbox 1288 451 1328 520; x_wconf 84' lang='lat'>27</span> 
     </span>
    </p>
   </div>
   <div class='ocr_carea' id='block_1_2' title="bbox 227 611 1328 1482">
    <p class='ocr_par' dir='ltr' id='par_1_2' title="bbox 227 611 1328 1482">
     <span class='ocr_line' id='line_1_2' title="bbox 228 611 1328 703; baseline -0.007 -19"><span class='ocrx_word' id='word_1_6' title='bbox 228 616 333 703; x_wconf 92' lang='lat' dir='ltr'>ipsius</span> <span class='ocrx_word' id='word_1_7' title='bbox 348 615 473 698; x_wconf 78' lang='lat' dir='ltr'>sibilie,</span> <span class='ocrx_word' id='word_1_8' title='bbox 488 618 595 684; x_wconf 91' lang='lat' dir='ltr'>tenuit</span> <span class='ocrx_word' id='word_1_9' title='bbox 609 615 828 682; x_wconf 85' lang='lat' dir='ltr'>hereditatem</span> <span class='ocrx_word' id='word_1_10' title='bbox 845 615 949 700; x_wconf 91' lang='lat' dir='ltr'>ipsius</span> <span class='ocrx_word' id='word_1_11' title='bbox 961 613 1127 681; x_wconf 87' lang='lat' dir='ltr'>Samuelis</span> <span class='ocrx_word' id='word_1_12' title='bbox 1142 614 1221 678; x_wconf 93' lang='lat' dir='ltr'>dum</span> <span class='ocrx_word' id='word_1_13' title='bbox 1238 611 1328 678; x_wconf 91' lang='lat' dir='ltr'>idem</span> 
     </span>
     <span class='ocr_line' id='line_1_3' title="bbox 230 725 1327 796; baseline -0.006 -1"><span class='ocrx_word' id='word_1_14' title='bbox 230 728 368 795; x_wconf 87' lang='lat' dir='ltr'>Samuel</span> <span class='ocrx_word' id='word_1_15' title='bbox 391 728 455 795; x_wconf 85' lang='lat' dir='ltr'>luit</span> <span class='ocrx_word' id='word_1_16' title='bbox 478 730 511 794; x_wconf 93' lang='lat' dir='ltr'>in</span> <span class='ocrx_word' id='word_1_17' title='bbox 535 739 623 796; x_wconf 87' lang='lat' dir='ltr'>terra</span> <span class='ocrx_word' id='word_1_18' title='bbox 650 729 843 794; x_wconf 89' lang='lat' dir='ltr'>lerosolime</span> <span class='ocrx_word' id='word_1_19' title='bbox 862 739 895 794; x_wconf 91' lang='lat' dir='ltr'>et</span> <span class='ocrx_word' id='word_1_20' title='bbox 919 729 1018 793; x_wconf 88' lang='lat' dir='ltr'>duxit</span> <span class='ocrx_word' id='word_1_21' title='bbox 1040 747 1114 792; x_wconf 89' lang='lat' dir='ltr'>eam</span> <span class='ocrx_word' id='word_1_22' title='bbox 1137 725 1271 790; x_wconf 88' lang='lat' dir='ltr'>interim</span> <span class='ocrx_word' id='word_1_23' title='bbox 1294 725 1327 789; x_wconf 93' lang='lat' dir='ltr'>in</span> 
     </span>
     <span class='ocr_line' id='line_1_4' title="bbox 229 835 1328 925; baseline -0.004 -21"><span class='ocrx_word' id='word_1_24' title='bbox 229 861 369 906; x_wconf 88' lang='lat' dir='ltr'>uxorem</span> <span class='ocrx_word' id='word_1_25' title='bbox 385 852 419 907; x_wconf 90' lang='lat' dir='ltr'>et</span> <span class='ocrx_word' id='word_1_26' title='bbox 434 841 550 908; x_wconf 90' lang='lat' dir='ltr'>habuit</span> <span class='ocrx_word' id='word_1_27' title='bbox 572 861 693 925; x_wconf 89' lang='lat' dir='ltr'>pueros</span> <span class='ocrx_word' id='word_1_28' title='bbox 713 841 757 906; x_wconf 91' lang='lat' dir='ltr'>de</span> <span class='ocrx_word' id='word_1_29' title='bbox 771 861 831 917; x_wconf 89' lang='lat' dir='ltr'>ea;</span> <span class='ocrx_word' id='word_1_30' title='bbox 852 849 970 924; x_wconf 87' lang='lat' dir='ltr'>postea</span> <span class='ocrx_word' id='word_1_31' title='bbox 984 859 1062 905; x_wconf 89' lang='lat' dir='ltr'>vero</span> <span class='ocrx_word' id='word_1_32' title='bbox 1078 837 1175 904; x_wconf 89' lang='lat' dir='ltr'>rediit</span> <span class='ocrx_word' id='word_1_33' title='bbox 1191 835 1328 904; x_wconf 84' lang='lat' dir='ltr'>Samuel</span> 
     </span>
     <span class='ocr_line' id='line_1_5' title="bbox 228 950 1327 1037; baseline -0.004 -20"><span class='ocrx_word' id='word_1_34' title='bbox 228 961 263 1018; x_wconf 94' lang='lat' dir='ltr'>et</span> <span class='ocrx_word' id='word_1_35' title='bbox 281 954 377 1037; x_wconf 88' lang='lat' dir='ltr'>petiit</span> <span class='ocrx_word' id='word_1_36' title='bbox 397 955 539 1019; x_wconf 89' lang='lat' dir='ltr'>eundem</span> <span class='ocrx_word' id='word_1_37' title='bbox 562 950 763 1018; x_wconf 88' lang='lat' dir='ltr'>Gilibertum</span> <span class='ocrx_word' id='word_1_38' title='bbox 782 961 820 1017; x_wconf 90' lang='lat' dir='ltr'>ut</span> <span class='ocrx_word' id='word_1_39' title='bbox 837 952 1038 1018; x_wconf 85' lang='lat' dir='ltr'>deliberaret</span> <span class='ocrx_word' id='word_1_40' title='bbox 1058 951 1089 1016; x_wconf 89' lang='lat' dir='ltr'>ei</span> <span class='ocrx_word' id='word_1_41' title='bbox 1106 951 1327 1017; x_wconf 87' lang='lat' dir='ltr'>hereditatem</span> 
     </span>
     <span class='ocr_line' id='line_1_6' title="bbox 228 1062 1328 1147; baseline -0.002 -19"><span class='ocrx_word' id='word_1_42' title='bbox 228 1085 321 1129; x_wconf 88' lang='lat' dir='ltr'>suam</span> <span class='ocrx_word' id='word_1_43' title='bbox 332 1087 341 1141; x_wconf 70' lang='grc' dir='ltr'><strong><em>ς</em></strong></span> <span class='ocrx_word' id='word_1_44' title='bbox 376 1074 410 1130; x_wconf 93' lang='lat' dir='ltr'>et</span> <span class='ocrx_word' id='word_1_45' title='bbox 435 1067 571 1129; x_wconf 89' lang='lat' dir='ltr'>tandem</span> <span class='ocrx_word' id='word_1_46' title='bbox 595 1065 749 1130; x_wconf 90' lang='lat' dir='ltr'>convenit</span> <span class='ocrx_word' id='word_1_47' title='bbox 772 1065 858 1130; x_wconf 89' lang='lat' dir='ltr'>inter</span> <span class='ocrx_word' id='word_1_48' title='bbox 880 1085 938 1130; x_wconf 91' lang='lat' dir='ltr'>eos</span> <span class='ocrx_word' id='word_1_49' title='bbox 960 1065 1050 1147; x_wconf 92' lang='lat' dir='ltr'>quod</span> <span class='ocrx_word' id='word_1_50' title='bbox 1073 1083 1189 1128; x_wconf 92' lang='lat' dir='ltr'>omnes</span> <span class='ocrx_word' id='word_1_51' title='bbox 1211 1062 1328 1128; x_wconf 89' lang='lat' dir='ltr'>unani·</span> 
     </span>
     <span class='ocr_line' id='line_1_7' title="bbox 229 1170 1327 1258; baseline -0.004 -18"><span class='ocrx_word' id='word_1_52' title='bbox 229 1177 328 1240; x_wconf 90' lang='lat' dir='ltr'>miter</span> <span class='ocrx_word' id='word_1_53' title='bbox 343 1197 471 1242; x_wconf 89' lang='lat' dir='ltr'>moram</span> <span class='ocrx_word' id='word_1_54' title='bbox 490 1175 640 1242; x_wconf 84' lang='lat' dir='ltr'>iecerunt</span> <span class='ocrx_word' id='word_1_55' title='bbox 661 1178 695 1240; x_wconf 93' lang='lat' dir='ltr'>in</span> <span class='ocrx_word' id='word_1_56' title='bbox 715 1185 803 1241; x_wconf 88' lang='lat' dir='ltr'>terra</span> <span class='ocrx_word' id='word_1_57' title='bbox 823 1174 880 1241; x_wconf 86' lang='lat' dir='ltr'>illa</span> <span class='ocrx_word' id='word_1_58' title='bbox 888 1199 898 1253; x_wconf 73' lang='grc' dir='ltr'><strong><em>ς</em></strong></span> <span class='ocrx_word' id='word_1_59' title='bbox 922 1186 957 1241; x_wconf 91' lang='lat' dir='ltr'>et</span> <span class='ocrx_word' id='word_1_60' title='bbox 972 1177 1038 1241; x_wconf 92' lang='lat' dir='ltr'>cito</span> <span class='ocrx_word' id='word_1_61' title='bbox 1052 1185 1129 1258; x_wconf 86' lang='lat' dir='ltr'>post</span> <span class='ocrx_word' id='word_1_62' title='bbox 1144 1174 1228 1240; x_wconf 93' lang='lat' dir='ltr'>obiit</span> <span class='ocrx_word' id='word_1_63' title='bbox 1243 1170 1327 1238; x_wconf 92' lang='lat' dir='ltr'>Gili-</span> 
     </span>
     <span class='ocr_line' id='line_1_8' title="bbox 227 1285 1325 1371; baseline 0 -20"><span class='ocrx_word' id='word_1_64' title='bbox 227 1288 350 1364; x_wconf 88' lang='lat' dir='ltr'>bertus,</span> <span class='ocrx_word' id='word_1_65' title='bbox 378 1298 412 1352; x_wconf 92' lang='lat' dir='ltr'>et</span> <span class='ocrx_word' id='word_1_66' title='bbox 439 1289 511 1371; x_wconf 90' lang='lat' dir='ltr'>ipsa</span> <span class='ocrx_word' id='word_1_67' title='bbox 535 1288 654 1353; x_wconf 89' lang='lat' dir='ltr'>Sibilla</span> <span class='ocrx_word' id='word_1_68' title='bbox 679 1309 738 1371; x_wconf 87' lang='lat' dir='ltr'>per</span> <span class='ocrx_word' id='word_1_69' title='bbox 760 1289 969 1353; x_wconf 86' lang='lat' dir='ltr'>voluntatem</span> <span class='ocrx_word' id='word_1_70' title='bbox 988 1286 1136 1370; x_wconf 90' lang='lat' dir='ltr'>ejusdem</span> <span class='ocrx_word' id='word_1_71' title='bbox 1158 1285 1325 1352; x_wconf 89' lang='lat' dir='ltr'>Samuelis</span> 
     </span>
     <span class='ocr_line' id='line_1_9' title="bbox 228 1395 1327 1482; baseline -0.003 -18"><span class='ocrx_word' id='word_1_72' title='bbox 228 1420 357 1464; x_wconf 89' lang='lat' dir='ltr'>moram</span> <span class='ocrx_word' id='word_1_73' title='bbox 382 1399 459 1465; x_wconf 86' lang='lat' dir='ltr'>lecit</span> <span class='ocrx_word' id='word_1_74' title='bbox 481 1421 556 1464; x_wconf 92' lang='lat' dir='ltr'>cum</span> <span class='ocrx_word' id='word_1_75' title='bbox 579 1421 619 1464; x_wconf 93' lang='lat' dir='ltr'>eo</span> <span class='ocrx_word' id='word_1_76' title='bbox 642 1401 676 1465; x_wconf 90' lang='lat' dir='ltr'>in</span> <span class='ocrx_word' id='word_1_77' title='bbox 694 1401 796 1464; x_wconf 91' lang='lat' dir='ltr'>domo</span> <span class='ocrx_word' id='word_1_78' title='bbox 823 1420 881 1463; x_wconf 87' lang='lat' dir='ltr'>sua</span> <span class='ocrx_word' id='word_1_79' title='bbox 903 1421 963 1482; x_wconf 92' lang='lat' dir='ltr'>per</span> <span class='ocrx_word' id='word_1_80' title='bbox 985 1397 1161 1463; x_wconf 92' lang='lat' dir='ltr'>dimidium</span> <span class='ocrx_word' id='word_1_81' title='bbox 1180 1395 1327 1462; x_wconf 91' lang='lat' dir='ltr'>annum¹</span> 
     </span>
    </p>
   </div>
   <div class='ocr_carea' id='block_1_3' title="bbox 146 1508 1326 1699">
    <p class='ocr_par' dir='ltr' id='par_1_3' title="bbox 146 1508 1326 1699">
     <span class='ocr_line' id='line_1_10' title="bbox 227 1508 1326 1594; baseline -0.001 -19"><span class='ocrx_word' id='word_1_82' title='bbox 227 1531 303 1575; x_wconf 90' lang='lat' dir='ltr'>cum</span> <span class='ocrx_word' id='word_1_83' title='bbox 320 1512 428 1594; x_wconf 89' lang='lat' dir='ltr'>pueris</span> <span class='ocrx_word' id='word_1_84' title='bbox 443 1512 530 1587; x_wconf 84' lang='lat' dir='ltr'>suis;</span> <span class='ocrx_word' id='word_1_85' title='bbox 552 1522 586 1576; x_wconf 88' lang='lat' dir='ltr'>et</span> <span class='ocrx_word' id='word_1_86' title='bbox 601 1521 680 1576; x_wconf 91' lang='lat' dir='ltr'>tunc</span> <span class='ocrx_word' id='word_1_87' title='bbox 695 1521 855 1575; x_wconf 88' lang='lat' dir='ltr'>venerunt</span> <span class='ocrx_word' id='word_1_88' title='bbox 871 1521 1026 1593; x_wconf 86' lang='lat' dir='ltr'>parentes</span> <span class='ocrx_word' id='word_1_89' title='bbox 1042 1509 1191 1591; x_wconf 90' lang='lat' dir='ltr'>ejusdem</span> <span class='ocrx_word' id='word_1_90' title='bbox 1207 1508 1326 1574; x_wconf 90' lang='lat' dir='ltr'>Sibille</span> 
     </span>
     <span class='ocr_line' id='line_1_11' title="bbox 146 1612 1326 1699; baseline -0.006 -17"><span class='ocrx_word' id='word_1_91' title='bbox 146 1676 149 1682; x_wconf 90' lang='lat'>.</span> <span class='ocrx_word' id='word_1_92' title='bbox 228 1622 262 1678; x_wconf 92' lang='lat' dir='ltr'>et</span> <span class='ocrx_word' id='word_1_93' title='bbox 284 1617 426 1680; x_wconf 91' lang='lat' dir='ltr'>eundem</span> <span class='ocrx_word' id='word_1_94' title='bbox 448 1614 640 1681; x_wconf 89' lang='lat' dir='ltr'>Samuelem</span> <span class='ocrx_word' id='word_1_95' title='bbox 655 1617 687 1680; x_wconf 91' lang='lat' dir='ltr'>vi</span> <span class='ocrx_word' id='word_1_96' title='bbox 709 1616 876 1699; x_wconf 90' lang='lat' dir='ltr'>ejecerunt</span> <span class='ocrx_word' id='word_1_97' title='bbox 899 1617 945 1680; x_wconf 91' lang='lat' dir='ltr'>ita</span> <span class='ocrx_word' id='word_1_98' title='bbox 968 1617 1057 1698; x_wconf 92' lang='lat' dir='ltr'>quod</span> <span class='ocrx_word' id='word_1_99' title='bbox 1079 1615 1167 1677; x_wconf 91' lang='lat' dir='ltr'>idem</span> <span class='ocrx_word' id='word_1_100' title='bbox 1188 1612 1326 1677; x_wconf 90' lang='lat' dir='ltr'>Samuel</span> 
     </span>
    </p>
   </div>
   <div class='ocr_carea' id='block_1_4' title="bbox 222 1726 1446 4286">
    <p class='ocr_par' dir='ltr' id='par_1_4' title="bbox 225 1726 1326 3156">
     <span class='ocr_line' id='line_1_12' title="bbox 227 1726 1324 1800; baseline -0.002 -9"><span class='ocrx_word' id='word_1_101' title='bbox 227 1726 304 1791; x_wconf 90' lang='lat' dir='ltr'>tulit</span> <span class='ocrx_word' id='word_1_102' title='bbox 333 1728 411 1791; x_wconf 92' lang='lat' dir='ltr'>inde</span> <span class='ocrx_word' id='word_1_103' title='bbox 437 1729 575 1791; x_wconf 89' lang='lat' dir='ltr'>assisam</span> <span class='ocrx_word' id='word_1_104' title='bbox 606 1748 690 1791; x_wconf 92' lang='lat' dir='ltr'>nove</span> <span class='ocrx_word' id='word_1_105' title='bbox 719 1728 892 1792; x_wconf 90' lang='lat' dir='ltr'>disseisine</span> <span class='ocrx_word' id='word_1_106' title='bbox 915 1747 1028 1791; x_wconf 90' lang='lat' dir='ltr'>versus</span> <span class='ocrx_word' id='word_1_107' title='bbox 1058 1745 1124 1800; x_wconf 89' lang='lat' dir='ltr'>eos,</span> <span class='ocrx_word' id='word_1_108' title='bbox 1152 1736 1186 1790; x_wconf 91' lang='lat' dir='ltr'>et</span> <span class='ocrx_word' id='word_1_109' title='bbox 1211 1746 1324 1789; x_wconf 87' lang='lat' dir='ltr'>revera</span> 
     </span>
     <span class='ocr_line' id='line_1_13' title="bbox 227 1837 1324 1922; baseline 0 -22"><span class='ocrx_word' id='word_1_110' title='bbox 227 1837 343 1901; x_wconf 93' lang='lat' dir='ltr'>dicunt</span> <span class='ocrx_word' id='word_1_111' title='bbox 359 1838 447 1920; x_wconf 91' lang='lat' dir='ltr'>quod</span> <span class='ocrx_word' id='word_1_112' title='bbox 465 1837 673 1922; x_wconf 89' lang='lat' dir='ltr'>Engelardus</span> <span class='ocrx_word' id='word_1_113' title='bbox 689 1841 732 1903; x_wconf 93' lang='lat' dir='ltr'>de</span> <span class='ocrx_word' id='word_1_114' title='bbox 748 1837 890 1921; x_wconf 82' lang='lat' dir='ltr'>Cigonni</span> <span class='ocrx_word' id='word_1_115' title='bbox 913 1859 973 1921; x_wconf 86' lang='lat' dir='ltr'>per</span> <span class='ocrx_word' id='word_1_116' title='bbox 987 1848 1181 1921; x_wconf 89' lang='lat' dir='ltr'>preceptum</span> <span class='ocrx_word' id='word_1_117' title='bbox 1198 1837 1324 1901; x_wconf 91' lang='lat' dir='ltr'>domini</span> 
     </span>
     <span class='ocr_line' id='line_1_14' title="bbox 226 1947 1324 2034; baseline -0.001 -21"><span class='ocrx_word' id='word_1_118' title='bbox 226 1947 390 2030; x_wconf 91' lang='lat' dir='ltr'>Johannis</span> <span class='ocrx_word' id='word_1_119' title='bbox 406 1950 510 2034; x_wconf 86' lang='lat' dir='ltr'>Regis</span> <span class='ocrx_word' id='word_1_120' title='bbox 525 1952 636 2033; x_wconf 91' lang='lat' dir='ltr'>posuit</span> <span class='ocrx_word' id='word_1_121' title='bbox 652 1951 793 2015; x_wconf 90' lang='lat' dir='ltr'>eundem</span> <span class='ocrx_word' id='word_1_122' title='bbox 810 1950 1001 2015; x_wconf 90' lang='lat' dir='ltr'>Samuelem</span> <span class='ocrx_word' id='word_1_123' title='bbox 1023 1952 1100 2015; x_wconf 94' lang='lat' dir='ltr'>inde</span> <span class='ocrx_word' id='word_1_124' title='bbox 1120 1953 1154 2014; x_wconf 92' lang='lat' dir='ltr'>in</span> <span class='ocrx_word' id='word_1_125' title='bbox 1170 1951 1324 2015; x_wconf 90' lang='lat' dir='ltr'>seisinam</span> 
     </span>
     <span class='ocr_line' id='line_1_15' title="bbox 226 2060 1325 2150; baseline 0 -26"><span class='ocrx_word' id='word_1_126' title='bbox 226 2070 304 2143; x_wconf 91' lang='lat' dir='ltr'>post</span> <span class='ocrx_word' id='word_1_127' title='bbox 327 2069 468 2125; x_wconf 91' lang='lat' dir='ltr'>mortem</span> <span class='ocrx_word' id='word_1_128' title='bbox 485 2060 647 2137; x_wconf 88' lang='lat' dir='ltr'>Giliberti‚</span> <span class='ocrx_word' id='word_1_129' title='bbox 663 2072 697 2126; x_wconf 96' lang='lat' dir='ltr'>et</span> <span class='ocrx_word' id='word_1_130' title='bbox 715 2063 748 2125; x_wconf 93' lang='lat' dir='ltr'>in</span> <span class='ocrx_word' id='word_1_131' title='bbox 769 2063 890 2126; x_wconf 87' lang='lat' dir='ltr'>seisina</span> <span class='ocrx_word' id='word_1_132' title='bbox 910 2063 973 2127; x_wconf 83' lang='lat' dir='ltr'>suit</span> <span class='ocrx_word' id='word_1_133' title='bbox 996 2083 1169 2150; x_wconf 71' lang='lat' dir='ltr'>quousque</span> <span class='ocrx_word' id='word_1_134' title='bbox 1190 2063 1263 2145; x_wconf 91' lang='lat' dir='ltr'>ipsa</span> <span class='ocrx_word' id='word_1_135' title='bbox 1290 2071 1325 2126; x_wconf 94' lang='lat' dir='ltr'>et</span> 
     </span>
     <span class='ocr_line' id='line_1_16' title="bbox 227 2173 1326 2269; baseline 0.003 -35"><span class='ocrx_word' id='word_1_136' title='bbox 227 2180 381 2255; x_wconf 90' lang='lat' dir='ltr'>parentes</span> <span class='ocrx_word' id='word_1_137' title='bbox 396 2173 446 2237; x_wconf 89' lang='lat' dir='ltr'>sui</span> <span class='ocrx_word' id='word_1_138' title='bbox 462 2192 537 2269; x_wconf 85' lang='lat' dir='ltr'>eum</span> <span class='ocrx_word' id='word_1_139' title='bbox 553 2174 808 2239; x_wconf 88' lang='lat' dir='ltr'>disseisiverunt.</span> <span class='ocrx_word' id='word_1_140' title='bbox 855 2176 900 2240; x_wconf 90' lang='lat' dir='ltr'>Et</span> <span class='ocrx_word' id='word_1_141' title='bbox 913 2174 1049 2240; x_wconf 87' lang='lat' dir='ltr'>Samuel</span> <span class='ocrx_word' id='word_1_142' title='bbox 1066 2175 1150 2255; x_wconf 91' lang='lat' dir='ltr'>petit</span> <span class='ocrx_word' id='word_1_143' title='bbox 1166 2175 1228 2238; x_wconf 92' lang='lat' dir='ltr'>sibi</span> <span class='ocrx_word' id='word_1_144' title='bbox 1244 2175 1326 2238; x_wconf 93' lang='lat' dir='ltr'>allo-</span> 
     </span>
     <span class='ocr_line' id='line_1_17' title="bbox 226 2283 1326 2370; baseline 0.003 -23"><span class='ocrx_word' id='word_1_145' title='bbox 226 2283 293 2347; x_wconf 89' lang='lat' dir='ltr'>cari</span> <span class='ocrx_word' id='word_1_146' title='bbox 323 2287 412 2367; x_wconf 93' lang='lat' dir='ltr'>quod</span> <span class='ocrx_word' id='word_1_147' title='bbox 442 2287 492 2351; x_wconf 94' lang='lat' dir='ltr'>vir</span> <span class='ocrx_word' id='word_1_148' title='bbox 520 2307 599 2350; x_wconf 91' lang='lat' dir='ltr'>suus</span> <span class='ocrx_word' id='word_1_149' title='bbox 623 2306 689 2351; x_wconf 92' lang='lat' dir='ltr'>non</span> <span class='ocrx_word' id='word_1_150' title='bbox 713 2287 858 2370; x_wconf 90' lang='lat' dir='ltr'>loquitur</span> <span class='ocrx_word' id='word_1_151' title='bbox 882 2290 925 2352; x_wconf 91' lang='lat' dir='ltr'>de</span> <span class='ocrx_word' id='word_1_152' title='bbox 948 2288 1019 2350; x_wconf 93' lang='lat' dir='ltr'>visu</span> <span class='ocrx_word' id='word_1_153' title='bbox 1043 2287 1096 2349; x_wconf 92' lang='lat' dir='ltr'>vel</span> <span class='ocrx_word' id='word_1_154' title='bbox 1122 2287 1257 2361; x_wconf 84' lang='lat' dir='ltr'>auditu3</span> <span class='ocrx_word' id='word_1_155' title='bbox 1291 2297 1326 2350; x_wconf 89' lang='lat' dir='ltr'>et</span> 
     </span>
     <span class='ocr_line' id='line_1_18' title="bbox 226 2395 1324 2464; baseline 0.002 -5"><span class='ocrx_word' id='word_1_156' title='bbox 226 2395 376 2461; x_wconf 83' lang='lat' dir='ltr'>defendit</span> <span class='ocrx_word' id='word_1_157' title='bbox 407 2408 516 2463; x_wconf 91' lang='lat' dir='ltr'>totum</span> <span class='ocrx_word' id='word_1_158' title='bbox 547 2401 590 2464; x_wconf 93' lang='lat' dir='ltr'>de</span> <span class='ocrx_word' id='word_1_159' title='bbox 616 2399 717 2463; x_wconf 91' lang='lat' dir='ltr'>verbo</span> <span class='ocrx_word' id='word_1_160' title='bbox 743 2399 777 2462; x_wconf 92' lang='lat' dir='ltr'>in</span> <span class='ocrx_word' id='word_1_161' title='bbox 802 2399 941 2463; x_wconf 86' lang='lat' dir='ltr'>verbum</span> <span class='ocrx_word' id='word_1_162' title='bbox 968 2400 1052 2464; x_wconf 92' lang='lat' dir='ltr'>sicut</span> <span class='ocrx_word' id='word_1_163' title='bbox 1082 2396 1185 2461; x_wconf 92' lang='lat' dir='ltr'>homo</span> <span class='ocrx_word' id='word_1_164' title='bbox 1210 2418 1324 2462; x_wconf 91' lang='lat' dir='ltr'>versus</span> 
     </span>
     <span class='ocr_line' id='line_1_19' title="bbox 226 2505 1324 2594; baseline 0.004 -24"><span class='ocrx_word' id='word_1_165' title='bbox 226 2505 383 2574; x_wconf 83' lang='lat' dir='ltr'>seminam</span> <span class='ocrx_word' id='word_1_166' title='bbox 406 2511 448 2576; x_wconf 89' lang='lat' dir='ltr'>de</span> <span class='ocrx_word' id='word_1_167' title='bbox 468 2512 606 2576; x_wconf 89' lang='lat' dir='ltr'>roberia.</span> <span class='ocrx_word' id='word_1_168' title='bbox 651 2511 697 2575; x_wconf 92' lang='lat' dir='ltr'>Et</span> <span class='ocrx_word' id='word_1_169' title='bbox 717 2511 772 2575; x_wconf 90' lang='lat' dir='ltr'>alii</span> <span class='ocrx_word' id='word_1_170' title='bbox 793 2521 860 2576; x_wconf 92' lang='lat' dir='ltr'>tres</span> <span class='ocrx_word' id='word_1_171' title='bbox 880 2520 1085 2594; x_wconf 83' lang='lat' dir='ltr'>cognoscunt</span> <span class='ocrx_word' id='word_1_172' title='bbox 1104 2511 1194 2592; x_wconf 92' lang='lat' dir='ltr'>quod</span> <span class='ocrx_word' id='word_1_173' title='bbox 1212 2530 1324 2574; x_wconf 87' lang='lat' dir='ltr'>revera</span> 
     </span>
     <span class='ocr_line' id='line_1_20' title="bbox 226 2618 1322 2706; baseline 0.003 -23"><span class='ocrx_word' id='word_1_174' title='bbox 226 2618 358 2686; x_wconf 87' lang='lat' dir='ltr'>suerunt</span> <span class='ocrx_word' id='word_1_175' title='bbox 381 2622 426 2687; x_wconf 92' lang='lat' dir='ltr'>ibi</span> <span class='ocrx_word' id='word_1_176' title='bbox 449 2643 524 2688; x_wconf 91' lang='lat' dir='ltr'>cum</span> <span class='ocrx_word' id='word_1_177' title='bbox 547 2622 705 2688; x_wconf 88' lang='lat' dir='ltr'>Samuele</span> <span class='ocrx_word' id='word_1_178' title='bbox 724 2645 784 2706; x_wconf 87' lang='lat' dir='ltr'>per</span> <span class='ocrx_word' id='word_1_179' title='bbox 803 2633 995 2706; x_wconf 89' lang='lat' dir='ltr'>preceptum</span> <span class='ocrx_word' id='word_1_180' title='bbox 1016 2622 1142 2686; x_wconf 87' lang='lat' dir='ltr'>domini</span> <span class='ocrx_word' id='word_1_181' title='bbox 1160 2623 1263 2704; x_wconf 90' lang='lat' dir='ltr'>Regis</span> <span class='ocrx_word' id='word_1_182' title='bbox 1278 2623 1322 2686; x_wconf 86' lang='lat' dir='ltr'>ad</span> 
     </span>
     <span class='ocr_line' id='line_1_21' title="bbox 226 2731 1322 2813; baseline 0.003 -16"><span class='ocrx_word' id='word_1_183' title='bbox 226 2731 414 2800; x_wconf 84' lang='lat' dir='ltr'>laciendum</span> <span class='ocrx_word' id='word_1_184' title='bbox 433 2737 463 2801; x_wconf 90' lang='lat' dir='ltr'>ei</span> <span class='ocrx_word' id='word_1_185' title='bbox 483 2737 640 2802; x_wconf 87' lang='lat' dir='ltr'>seisinam</span> <span class='ocrx_word' id='word_1_186' title='bbox 661 2758 764 2813; x_wconf 89' lang='lat' dir='ltr'>suam,</span> <span class='ocrx_word' id='word_1_187' title='bbox 781 2747 832 2802; x_wconf 89' lang='lat' dir='ltr'>set</span> <span class='ocrx_word' id='word_1_188' title='bbox 850 2737 949 2802; x_wconf 89' lang='lat' dir='ltr'>nichil</span> <span class='ocrx_word' id='word_1_189' title='bbox 972 2736 1017 2799; x_wconf 95' lang='lat' dir='ltr'>ibi</span> <span class='ocrx_word' id='word_1_190' title='bbox 1041 2736 1239 2800; x_wconf 90' lang='lat' dir='ltr'>robaverunt</span> <span class='ocrx_word' id='word_1_191' title='bbox 1261 2755 1322 2800; x_wconf 91' lang='lat' dir='ltr'>nec</span> 
     </span>
     <span class='ocr_line' id='line_1_22' title="bbox 225 2844 1323 2931; baseline 0.004 -23"><span class='ocrx_word' id='word_1_192' title='bbox 225 2844 259 2908; x_wconf 90' lang='lat' dir='ltr'>in</span> <span class='ocrx_word' id='word_1_193' title='bbox 275 2847 403 2911; x_wconf 90' lang='lat' dir='ltr'>roberia</span> <span class='ocrx_word' id='word_1_194' title='bbox 417 2867 493 2912; x_wconf 88' lang='lat' dir='ltr'>cum</span> <span class='ocrx_word' id='word_1_195' title='bbox 512 2869 552 2913; x_wconf 92' lang='lat' dir='ltr'>eo</span> <span class='ocrx_word' id='word_1_196' title='bbox 572 2848 723 2924; x_wconf 82' lang='lat' dir='ltr'>fuerunt3</span> <span class='ocrx_word' id='word_1_197' title='bbox 746 2858 789 2924; x_wconf 92' lang='lat' dir='ltr'>et,</span> <span class='ocrx_word' id='word_1_198' title='bbox 806 2849 926 2931; x_wconf 88' lang='lat' dir='ltr'>quesiti</span> <span class='ocrx_word' id='word_1_199' title='bbox 941 2848 1030 2931; x_wconf 92' lang='lat' dir='ltr'>quod</span> <span class='ocrx_word' id='word_1_200' title='bbox 1047 2857 1228 2911; x_wconf 90' lang='lat' dir='ltr'>warantum</span> <span class='ocrx_word' id='word_1_201' title='bbox 1246 2849 1323 2912; x_wconf 91' lang='lat' dir='ltr'>inde</span> 
     </span>
     <span class='ocr_line' id='line_1_23' title="bbox 225 2955 1322 3044; baseline 0.004 -24"><span class='ocrx_word' id='word_1_202' title='bbox 225 2955 359 3038; x_wconf 85' lang='lat' dir='ltr'>habent,</span> <span class='ocrx_word' id='word_1_203' title='bbox 372 2959 487 3024; x_wconf 90' lang='lat' dir='ltr'>dicunt</span> <span class='ocrx_word' id='word_1_204' title='bbox 501 2962 590 3043; x_wconf 90' lang='lat' dir='ltr'>quod</span> <span class='ocrx_word' id='word_1_205' title='bbox 608 2960 733 3024; x_wconf 91' lang='lat' dir='ltr'>nullum</span> <span class='ocrx_word' id='word_1_206' title='bbox 746 2971 797 3025; x_wconf 92' lang='lat' dir='ltr'>set</span> <span class='ocrx_word' id='word_1_207' title='bbox 812 2970 941 3044; x_wconf 91' lang='lat' dir='ltr'>ponunt</span> <span class='ocrx_word' id='word_1_208' title='bbox 956 2981 992 3024; x_wconf 89' lang='lat' dir='ltr'>se</span> <span class='ocrx_word' id='word_1_209' title='bbox 1008 2961 1086 3024; x_wconf 91' lang='lat' dir='ltr'>inde</span> <span class='ocrx_word' id='word_1_210' title='bbox 1102 2961 1135 3023; x_wconf 92' lang='lat' dir='ltr'>in</span> <span class='ocrx_word' id='word_1_211' title='bbox 1147 2959 1322 3042; x_wconf 74' lang='lat' dir='ltr'>juratam²;</span> 
     </span>
     <span class='ocr_line' id='line_1_24' title="bbox 225 3069 912 3156; baseline 0.004 -22"><span class='ocrx_word' id='word_1_212' title='bbox 225 3078 276 3134; x_wconf 88' lang='lat' dir='ltr'>set</span> <span class='ocrx_word' id='word_1_213' title='bbox 293 3069 429 3135; x_wconf 88' lang='lat' dir='ltr'>Samuel</span> <span class='ocrx_word' id='word_1_214' title='bbox 445 3092 511 3137; x_wconf 88' lang='lat' dir='ltr'>non</span> <span class='ocrx_word' id='word_1_215' title='bbox 528 3073 623 3156; x_wconf 90' lang='lat' dir='ltr'>ponit</span> <span class='ocrx_word' id='word_1_216' title='bbox 638 3093 673 3137; x_wconf 90' lang='lat' dir='ltr'>se</span> <span class='ocrx_word' id='word_1_217' title='bbox 689 3073 722 3137; x_wconf 94' lang='lat' dir='ltr'>in</span> <span class='ocrx_word' id='word_1_218' title='bbox 735 3072 880 3155; x_wconf 86' lang='lat' dir='ltr'>juratam</span> <span class='ocrx_word' id='word_1_219' title='bbox 890 3073 912 3137; x_wconf 77' lang='lat'>².</span> 
     </span>
    </p>

    <p class='ocr_par' dir='ltr' id='par_1_5' title="bbox 222 3182 1446 4286">
     <span class='ocr_line' id='line_1_25' title="bbox 270 3182 1324 3268; baseline 0.002 -22"><span class='ocrx_word' id='word_1_220' title='bbox 270 3182 457 3266; x_wconf 85' lang='lat' dir='ltr'>³Jurat0res</span> <span class='ocrx_word' id='word_1_221' title='bbox 478 3185 592 3249; x_wconf 91' lang='lat' dir='ltr'>dicunt</span> <span class='ocrx_word' id='word_1_222' title='bbox 615 3187 705 3267; x_wconf 91' lang='lat' dir='ltr'>quod</span> <span class='ocrx_word' id='word_1_223' title='bbox 724 3186 813 3249; x_wconf 93' lang='lat' dir='ltr'>idem</span> <span class='ocrx_word' id='word_1_224' title='bbox 830 3184 966 3250; x_wconf 87' lang='lat' dir='ltr'>Samuel</span> <span class='ocrx_word' id='word_1_225' title='bbox 984 3184 1071 3250; x_wconf 89' lang='lat' dir='ltr'>dixit</span> <span class='ocrx_word' id='word_1_226' title='bbox 1093 3186 1184 3268; x_wconf 91' lang='lat' dir='ltr'>quod</span> <span class='ocrx_word' id='word_1_227' title='bbox 1207 3184 1324 3249; x_wconf 89' lang='lat' dir='ltr'>habuit</span> 
     </span>
     <span class='ocr_line' id='line_1_26' title="bbox 224 3295 1322 3381; baseline 0.002 -21"><span class='ocrx_word' id='word_1_228' title='bbox 224 3297 323 3368; x_wconf 85' lang='lat' dir='ltr'>breve</span> <span class='ocrx_word' id='word_1_229' title='bbox 339 3295 464 3362; x_wconf 91' lang='lat' dir='ltr'>domini</span> <span class='ocrx_word' id='word_1_230' title='bbox 478 3295 581 3380; x_wconf 87' lang='lat' dir='ltr'>Regis</span> <span class='ocrx_word' id='word_1_231' title='bbox 596 3297 639 3362; x_wconf 91' lang='lat' dir='ltr'>ad</span> <span class='ocrx_word' id='word_1_232' title='bbox 653 3297 878 3381; x_wconf 87' lang='lat' dir='ltr'>Engelardum</span> <span class='ocrx_word' id='word_1_233' title='bbox 894 3309 973 3363; x_wconf 87' lang='lat' dir='ltr'>tunc</span> <span class='ocrx_word' id='word_1_234' title='bbox 987 3298 1215 3363; x_wconf 88' lang='lat' dir='ltr'>vicecomitem</span> <span class='ocrx_word' id='word_1_235' title='bbox 1232 3297 1322 3381; x_wconf 94' lang='lat' dir='ltr'>quod</span> 
     </span>
     <span class='ocr_line' id='line_1_27' title="bbox 225 3408 1321 3493; baseline 0.001 -20"><span class='ocrx_word' id='word_1_236' title='bbox 225 3409 255 3473; x_wconf 90' lang='lat' dir='ltr'>ei</span> <span class='ocrx_word' id='word_1_237' title='bbox 270 3409 392 3483; x_wconf 73' lang='lat' dir='ltr'>habete</span> <span class='ocrx_word' id='word_1_238' title='bbox 406 3408 530 3482; x_wconf 85' lang='lat' dir='ltr'>faceret</span> <span class='ocrx_word' id='word_1_239' title='bbox 545 3409 699 3474; x_wconf 90' lang='lat' dir='ltr'>seisinam</span> <span class='ocrx_word' id='word_1_240' title='bbox 715 3412 758 3474; x_wconf 93' lang='lat' dir='ltr'>de</span> <span class='ocrx_word' id='word_1_241' title='bbox 774 3418 860 3474; x_wconf 89' lang='lat' dir='ltr'>terra</span> <span class='ocrx_word' id='word_1_242' title='bbox 875 3409 951 3488; x_wconf 91' lang='lat' dir='ltr'>illa;</span> <span class='ocrx_word' id='word_1_243' title='bbox 975 3420 1025 3474; x_wconf 91' lang='lat' dir='ltr'>set</span> <span class='ocrx_word' id='word_1_244' title='bbox 1037 3410 1137 3474; x_wconf 90' lang='lat' dir='ltr'>breve</span> <span class='ocrx_word' id='word_1_245' title='bbox 1153 3430 1321 3493; x_wconf 91' lang='lat' dir='ltr'>nunquam</span> 
     </span>
     <span class='ocr_line' id='line_1_28' title="bbox 224 3523 1321 3606; baseline 0.002 -22"><span class='ocrx_word' id='word_1_246' title='bbox 224 3523 331 3590; x_wconf 86' lang='lat' dir='ltr'>visum</span> <span class='ocrx_word' id='word_1_247' title='bbox 347 3523 399 3587; x_wconf 89' lang='lat' dir='ltr'>vel</span> <span class='ocrx_word' id='word_1_248' title='bbox 417 3523 566 3599; x_wconf 67' lang='lat' dir='ltr'>suffitum</span> <span class='ocrx_word' id='word_1_249' title='bbox 585 3523 646 3588; x_wconf 85' lang='lat' dir='ltr'>suit</span> <span class='ocrx_word' id='word_1_250' title='bbox 662 3525 694 3587; x_wconf 93' lang='lat' dir='ltr'>in</span> <span class='ocrx_word' id='word_1_251' title='bbox 714 3524 872 3588; x_wconf 89' lang='lat' dir='ltr'>comitatu</span> <span class='ocrx_word' id='word_1_252' title='bbox 888 3524 940 3587; x_wconf 91' lang='lat' dir='ltr'>vel</span> <span class='ocrx_word' id='word_1_253' title='bbox 956 3523 1044 3600; x_wconf 88' lang='lat' dir='ltr'>alibi,</span> <span class='ocrx_word' id='word_1_254' title='bbox 1060 3523 1107 3588; x_wconf 88' lang='lat' dir='ltr'>ita</span> <span class='ocrx_word' id='word_1_255' title='bbox 1126 3525 1215 3606; x_wconf 92' lang='lat' dir='ltr'>quod</span> <span class='ocrx_word' id='word_1_256' title='bbox 1232 3523 1321 3587; x_wconf 92' lang='lat' dir='ltr'>idem</span> 
     </span>
     <span class='ocr_line' id='line_1_29' title="bbox 226 3632 1446 3724; baseline 0.002 -26"><span class='ocrx_word' id='word_1_257' title='bbox 226 3633 363 3699; x_wconf 87' lang='lat' dir='ltr'>Samuel</span> <span class='ocrx_word' id='word_1_258' title='bbox 388 3635 482 3706; x_wconf 84' lang='lat' dir='ltr'>dedit</span> <span class='ocrx_word' id='word_1_259' title='bbox 509 3633 699 3724; x_wconf 78' lang='lat' dir='ltr'>Engelardo</span> <span class='ocrx_word' id='word_1_260' title='bbox 727 3644 768 3719; x_wconf 79' lang='lat'>3¹²¹</span> <span class='ocrx_word' id='word_1_261' title='bbox 792 3655 853 3717; x_wconf 91' lang='lat' dir='ltr'>pro</span> <span class='ocrx_word' id='word_1_262' title='bbox 876 3632 1031 3698; x_wconf 89' lang='lat' dir='ltr'>habenda</span> <span class='ocrx_word' id='word_1_263' title='bbox 1055 3635 1176 3699; x_wconf 90' lang='lat' dir='ltr'>seisina</span> <span class='ocrx_word' id='word_1_264' title='bbox 1202 3655 1261 3699; x_wconf 89' lang='lat' dir='ltr'>sua</span> <span class='ocrx_word' id='word_1_265' title='bbox 1287 3644 1321 3699; x_wconf 92' lang='lat' dir='ltr'>et</span> <span class='ocrx_word' id='word_1_266' title='bbox 1338 3650 1381 3715; x_wconf 78' lang='lat' dir='ltr'>[ad</span> <span class='ocrx_word' id='word_1_267' title='bbox 1390 3651 1446 3719; x_wconf 84' lang='lat' dir='ltr'>jud]</span> 
     </span>
     <span class='ocr_line' id='line_1_30' title="bbox 225 3744 1441 3829; baseline 0 -21"><span class='ocrx_word' id='word_1_268' title='bbox 225 3744 433 3829; x_wconf 85' lang='lat' dir='ltr'>Engelardus</span> <span class='ocrx_word' id='word_1_269' title='bbox 449 3747 538 3812; x_wconf 80' lang='lat' dir='ltr'>misit</span> <span class='ocrx_word' id='word_1_270' title='bbox 553 3746 629 3811; x_wconf 83' lang='lat' dir='ltr'>illuc</span> <span class='ocrx_word' id='word_1_271' title='bbox 646 3746 825 3821; x_wconf 79' lang='lat' dir='ltr'>Henrlcum</span> <span class='ocrx_word' id='word_1_272' title='bbox 845 3745 888 3810; x_wconf 89' lang='lat' dir='ltr'>de</span> <span class='ocrx_word' id='word_1_273' title='bbox 904 3745 1123 3809; x_wconf 89' lang='lat' dir='ltr'>Bidescumbe</span> <span class='ocrx_word' id='word_1_274' title='bbox 1143 3745 1186 3808; x_wconf 87' lang='lat' dir='ltr'>ad</span> <span class='ocrx_word' id='word_1_275' title='bbox 1201 3744 1321 3809; x_wconf 85' lang='lat' dir='ltr'>facien·</span> <span class='ocrx_word' id='word_1_276' title='bbox 1438 3773 1441 3779; x_wconf 93' lang='lat'>·</span> 
     </span>
     <span class='ocr_line' id='line_1_31' title="bbox 223 3856 1430 3939; baseline -0.001 -19"><span class='ocrx_word' id='word_1_277' title='bbox 223 3857 304 3924; x_wconf 90' lang='lat' dir='ltr'>dum</span> <span class='ocrx_word' id='word_1_278' title='bbox 329 3858 360 3924; x_wconf 85' lang='lat' dir='ltr'>ei</span> <span class='ocrx_word' id='word_1_279' title='bbox 387 3859 539 3927; x_wconf 82' lang='lat' dir='ltr'>seisinam</span> <span class='ocrx_word' id='word_1_280' title='bbox 566 3879 659 3930; x_wconf 83' lang='lat' dir='ltr'>suam</span> <span class='ocrx_word' id='word_1_281' title='bbox 687 3865 721 3921; x_wconf 92' lang='lat' dir='ltr'>et</span> <span class='ocrx_word' id='word_1_282' title='bbox 747 3857 835 3931; x_wconf 79' lang='lat' dir='ltr'>idem</span> <span class='ocrx_word' id='word_1_283' title='bbox 861 3857 1026 3932; x_wconf 78' lang='lat' dir='ltr'>Hernicus</span> <span class='ocrx_word' id='word_1_284' title='bbox 1048 3856 1155 3921; x_wconf 88' lang='lat' dir='ltr'>etalii</span> <span class='ocrx_word' id='word_1_285' title='bbox 1180 3857 1321 3939; x_wconf 91' lang='lat' dir='ltr'>predicti</span> <span class='ocrx_word' id='word_1_286' title='bbox 1334 3869 1430 3919; x_wconf 83' lang='lat' dir='ltr'>concod</span> 
     </span>
     <span class='ocr_line' id='line_1_32' title="bbox 223 3943 1393 4042; baseline -0.001 -9"><span class='ocrx_word' id='word_1_287' title='bbox 223 3987 299 4038; x_wconf 80' lang='lat' dir='ltr'>eum</span> <span class='ocrx_word' id='word_1_288' title='bbox 321 3989 363 4032; x_wconf 88' lang='lat' dir='ltr'>eo</span> <span class='ocrx_word' id='word_1_289' title='bbox 385 3969 530 4037; x_wconf 86' lang='lat' dir='ltr'>fecerunt</span> <span class='ocrx_word' id='word_1_290' title='bbox 552 3969 583 4040; x_wconf 84' lang='lat' dir='ltr'>ei</span> <span class='ocrx_word' id='word_1_291' title='bbox 606 3969 759 4033; x_wconf 80' lang='lat' dir='ltr'>seisinam</span> <span class='ocrx_word' id='word_1_292' title='bbox 781 3988 876 4042; x_wconf 77' lang='lat' dir='ltr'>suam</span> <span class='ocrx_word' id='word_1_293' title='bbox 898 3979 934 4036; x_wconf 73' lang='lat' dir='ltr'>et</span> <span class='ocrx_word' id='word_1_294' title='bbox 956 3967 1045 4040; x_wconf 82' lang='lat' dir='ltr'>idem</span> <span class='ocrx_word' id='word_1_295' title='bbox 1074 3965 1209 4034; x_wconf 85' lang='lat' dir='ltr'>Samuel</span> <span class='ocrx_word' id='word_1_296' title='bbox 1233 3967 1321 4032; x_wconf 89' lang='lat' dir='ltr'>intus</span> <span class='ocrx_word' id='word_1_297' title='bbox 1334 3943 1393 3986; x_wconf 67' lang='lat'>⁵⁰⁰²</span> 
     </span>
     <span class='ocr_line' id='line_1_33' title="bbox 223 4077 1320 4164; baseline -0.004 -16"><span class='ocrx_word' id='word_1_298' title='bbox 223 4081 381 4148; x_wconf 81' lang='lat' dir='ltr'>remansit</span> <span class='ocrx_word' id='word_1_299' title='bbox 395 4091 430 4145; x_wconf 90' lang='lat' dir='ltr'>et</span> <span class='ocrx_word' id='word_1_300' title='bbox 443 4080 530 4164; x_wconf 87' lang='lat' dir='ltr'>cepit</span> <span class='ocrx_word' id='word_1_301' title='bbox 545 4081 658 4144; x_wconf 90' lang='lat' dir='ltr'>omnia</span> <span class='ocrx_word' id='word_1_302' title='bbox 673 4079 792 4147; x_wconf 85' lang='lat' dir='ltr'>catalla</span> <span class='ocrx_word' id='word_1_303' title='bbox 807 4101 872 4162; x_wconf 89' lang='lat' dir='ltr'>que</span> <span class='ocrx_word' id='word_1_304' title='bbox 885 4077 960 4142; x_wconf 89' lang='lat' dir='ltr'>illuc</span> <span class='ocrx_word' id='word_1_305' title='bbox 976 4078 1100 4148; x_wconf 84' lang='lat' dir='ltr'>invenit</span> <span class='ocrx_word' id='word_1_306' title='bbox 1114 4099 1178 4160; x_wconf 91' lang='lat' dir='ltr'>que</span> <span class='ocrx_word' id='word_1_307' title='bbox 1190 4078 1320 4145; x_wconf 88' lang='lat' dir='ltr'>luerunt</span> 
     </span>
     <span class='ocr_line' id='line_1_34' title="bbox 222 4191 1319 4286; baseline 0.003 -32"><span class='ocrx_word' id='word_1_308' title='bbox 222 4191 327 4280; x_wconf 84' lang='lat' dir='ltr'>ipsius</span> <span class='ocrx_word' id='word_1_309' title='bbox 349 4191 476 4270; x_wconf 79' lang='lat' dir='ltr'>sibine,</span> <span class='ocrx_word' id='word_1_310' title='bbox 498 4201 550 4262; x_wconf 82' lang='lat' dir='ltr'>set</span> <span class='ocrx_word' id='word_1_311' title='bbox 573 4193 722 4267; x_wconf 84' lang='lat' dir='ltr'>nesciunt</span> <span class='ocrx_word' id='word_1_312' title='bbox 745 4193 965 4286; x_wconf 79' lang='lat' dir='ltr'>quantitatem</span> <span class='ocrx_word' id='word_1_313' title='bbox 988 4192 1031 4264; x_wconf 84' lang='lat' dir='ltr'>de</span> <span class='ocrx_word' id='word_1_314' title='bbox 1055 4191 1189 4261; x_wconf 82' lang='lat' dir='ltr'>minutis</span> <span class='ocrx_word' id='word_1_315' title='bbox 1212 4192 1319 4258; x_wconf 80' lang='lat' dir='ltr'>rebus.</span> 
     </span>
    </p>
   </div>
   <div class='ocr_carea' id='block_1_5' title="bbox 221 4377 1320 4700">
    <p class='ocr_par' dir='ltr' id='par_1_6' title="bbox 256 4377 569 4450">
     <span class='ocr_line' id='line_1_35' title="bbox 256 4377 569 4450; baseline 0.006 -24"><span class='ocrx_word' id='word_1_316' title='bbox 256 4377 263 4408; x_wconf 90' lang='lat'><strong>¹</strong></span> <span class='ocrx_word' id='word_1_317' title='bbox 275 4385 325 4450; x_wconf 75' lang='lat' dir='ltr'>per</span> <span class='ocrx_word' id='word_1_318' title='bbox 336 4395 418 4430; x_wconf 78' lang='lat' dir='ltr'>unum</span> <span class='ocrx_word' id='word_1_319' title='bbox 429 4395 528 4434; x_wconf 81' lang='lat' dir='ltr'>annum</span> <span class='ocrx_word' id='word_1_320' title='bbox 541 4379 569 4432; x_wconf 90' lang='lat' dir='ltr'>B.</span> 
     </span>
    </p>

    <p class='ocr_par' dir='ltr' id='par_1_7' title="bbox 255 4457 380 4526">
     <span class='ocr_line' id='line_1_36' title="bbox 255 4457 380 4526; baseline -0.008 -15"><span class='ocrx_word' id='word_1_321' title='bbox 255 4459 310 4511; x_wconf 78' lang='lat' dir='ltr'>&#39;in</span> <span class='ocrx_word' id='word_1_322' title='bbox 321 4457 380 4526; x_wconf 59' lang='lat' dir='ltr'>jur.</span> 
     </span>
    </p>

    <p class='ocr_par' dir='ltr' id='par_1_8' title="bbox 221 4543 1320 4700">
     <span class='ocr_line' id='line_1_37' title="bbox 256 4543 1320 4616; baseline 0.006 -24"><span class='ocrx_word' id='word_1_323' title='bbox 256 4543 266 4574; x_wconf 80' lang='lat'>⁸</span> <span class='ocrx_word' id='word_1_324' title='bbox 282 4545 310 4592; x_wconf 93' lang='lat' dir='ltr'>ln</span> <span class='ocrx_word' id='word_1_325' title='bbox 329 4543 390 4593; x_wconf 87' lang='lat' dir='ltr'>both</span> <span class='ocrx_word' id='word_1_326' title='bbox 403 4543 426 4592; x_wconf 79' lang='lat' dir='ltr'>A</span> <span class='ocrx_word' id='word_1_327' title='bbox 438 4543 487 4592; x_wconf 79' lang='lat' dir='ltr'>and</span> <span class='ocrx_word' id='word_1_328' title='bbox 501 4543 576 4594; x_wconf 83' lang='lat' dir='ltr'>Bthe</span> <span class='ocrx_word' id='word_1_329' title='bbox 591 4543 671 4594; x_wconf 86' lang='lat' dir='ltr'>whole</span> <span class='ocrx_word' id='word_1_330' title='bbox 686 4545 716 4592; x_wconf 84' lang='lat' dir='ltr'>oi</span> <span class='ocrx_word' id='word_1_331' title='bbox 730 4545 780 4594; x_wconf 87' lang='lat' dir='ltr'>this</span> <span class='ocrx_word' id='word_1_332' title='bbox 796 4544 889 4609; x_wconf 77' lang='lat' dir='ltr'>finding</span> <span class='ocrx_word' id='word_1_333' title='bbox 905 4545 927 4598; x_wconf 88' lang='lat' dir='ltr'>ls</span> <span class='ocrx_word' id='word_1_334' title='bbox 944 4545 1084 4611; x_wconf 82' lang='lat' dir='ltr'>postscript.</span> <span class='ocrx_word' id='word_1_335' title='bbox 1097 4545 1146 4598; x_wconf 77' lang='lat' dir='ltr'>and</span> <span class='ocrx_word' id='word_1_336' title='bbox 1159 4546 1201 4600; x_wconf 83' lang='lat' dir='ltr'>the</span> <span class='ocrx_word' id='word_1_337' title='bbox 1214 4555 1320 4616; x_wconf 74' lang='lat' dir='ltr'>present·</span> 
     </span>
     <span class='ocr_line' id='line_1_38' title="bbox 221 4625 1038 4700; baseline 0.005 -26"><span class='ocrx_word' id='word_1_338' title='bbox 221 4631 291 4690; x_wconf 75' lang='lat' dir='ltr'>ment</span> <span class='ocrx_word' id='word_1_339' title='bbox 303 4625 380 4676; x_wconf 79' lang='lat' dir='ltr'>about</span> <span class='ocrx_word' id='word_1_340' title='bbox 392 4627 507 4684; x_wconf 76' lang='lat' dir='ltr'>Clement</span> <span class='ocrx_word' id='word_1_341' title='bbox 520 4627 548 4678; x_wconf 89' lang='lat' dir='ltr'>ol</span> <span class='ocrx_word' id='word_1_342' title='bbox 558 4627 650 4682; x_wconf 82' lang='lat' dir='ltr'>Burton</span> <span class='ocrx_word' id='word_1_343' title='bbox 663 4642 769 4700; x_wconf 78' lang='lat' dir='ltr'>appears</span> <span class='ocrx_word' id='word_1_344' title='bbox 781 4627 805 4677; x_wconf 90' lang='lat' dir='ltr'>in</span> <span class='ocrx_word' id='word_1_345' title='bbox 816 4627 860 4684; x_wconf 78' lang='lat' dir='ltr'>the</span> <span class='ocrx_word' id='word_1_346' title='bbox 869 4627 962 4682; x_wconf 83' lang='lat' dir='ltr'>middle</span> <span class='ocrx_word' id='word_1_347' title='bbox 974 4627 1002 4676; x_wconf 88' lang='lat' dir='ltr'>oi</span> <span class='ocrx_word' id='word_1_348' title='bbox 1012 4629 1038 4678; x_wconf 88' lang='lat' dir='ltr'>it.</span> 
     </span>
    </p>
   </div>
   <div class='ocr_carea' id='block_1_6' title="bbox 0 0 1622 5072">
    <p class='ocr_par' dir='ltr' id='par_1_9' title="bbox 0 0 1622 5072">
     <span class='ocr_line' id='line_1_39' title="bbox 0 0 1622 5072; baseline 0 2"><span class='ocrx_word' id='word_1_349' title='bbox 0 0 1622 5072; x_wconf 95' lang='lat' dir='ltr'> </span> 
     </span>
    </p>
   </div>
  </div>
 </body>
</html>
