3234 5072
158 613 216 665 8118Ρ

157 828 258 898 ΒιιΙάξΗ

285 417 288 426 ’
330 421 368 486 18
691 427 873 484 pererra
899 427 1065 486 corona

327 616 506 680 suspensus
528 605 562 660 et
580 593 766 662 Willelmus
792 594 939 662 inveniat
964 594 1111 680 plegium
1139 605 1173 660 et
1198 593 1329 659 interim
1352 615 1423 661 cus-

324 711 477 775 todiatur.

372 831 421 889 74.
445 823 541 887 Idem
564 823 736 908 Philippus
756 823 906 907 appellat
930 824 1112 889 Henricum
1139 823 1242 887 filium
1263 822 1423 887 Willelmi

326 933 559 998 Molendinarii
575 936 618 999 de
633 936 792 1001 societate
805 946 842 1000 et
856 935 1028 1002 latrocinio
1049 945 1083 1002 et
1106 945 1353 1019 receptamento
1376 936 1423 999 ita

323 1046 413 1129 quod
439 1046 502 1112 fuit
528 1067 605 1111 cum
634 1068 674 1112 eo
702 1049 746 1112 ad
769 1048 909 1113 domum
936 1048 1107 1131 cujusdam
1136 1047 1299 1130 capellani
1323 1046 1423 1129 juxta

326 1157 436 1223 Hiche
462 1167 497 1222 et
517 1158 563 1222 ibi
584 1158 681 1224 furati
708 1159 839 1224 fuerunt
863 1169 901 1224 ut
924 1160 958 1223 in
978 1160 1066 1223 robis
1089 1169 1123 1224 et
1148 1159 1222 1223 aliis
1248 1158 1368 1241 pannis
1389 1157 1424 1222 et‘

325 1271 358 1333 in
378 1268 521 1332 denariis
544 1279 578 1333 et
599 1269 764 1352 jocalibus
783 1271 827 1335 ad
843 1270 1021 1336 valentiam
1045 1278 1101 1348 40⁸
1120 1272 1208 1334 unde
1223 1271 1312 1334 idem
1329 1269 1423 1334 Hen-

325 1382 409 1444 ricus
429 1379 546 1445 habuit
560 1380 604 1448 ad
629 1391 759 1464 partem
774 1403 869 1447 suam
885 1392 1037 1467 quartam
1053 1392 1183 1465 partem
1199 1391 1233 1446 et
1248 1383 1311 1446 hoc
1325 1381 1424 1445 offert

323 1493 463 1576 probare
476 1513 590 1557 versus
611 1514 687 1559 eum
708 1514 768 1577 per
787 1515 905 1577 corpus
920 1515 1017 1559 suum
1032 1495 1117 1559 sicut
1132 1494 1221 1559 curia
1236 1492 1422 1558 considera·

323 1607 414 1670 verit.
459 1604 541 1671 ¹Ph.
556 1607 725 1670 convictus
740 1616 791 1671 est
807 1617 841 1671 et
857 1627 1033 1689 suspensus
1042 1604 1064 1671 ¹.

367 1716 414 1781 Et
437 1716 602 1782 Henricus
616 1719 707 1782 venit
723 1726 757 1781 et
779 1717 929 1782 defendit
947 1717 1156 1782 latrocinium
1173 1726 1206 1782 et
1228 1717 1422 1783 societatem

323 1838 357 1893 et
376 1837 485 1893 totum
508 1828 552 1893 de
568 1829 670 1893 verbo
695 1829 728 1892 in
742 1829 879 1894 verbum
904 1837 938 1893 et
959 1829 1054 1912 ponit
1072 1850 1108 1892 se
1127 1830 1169 1894 de
1185 1827 1347 1894 fidelitate
1362 1849 1423 1894 sua

323 1961 423 2023 super
442 1941 608 2005 visnetum
631 1962 726 2004 suum
750 1940 904 2006 debono
927 1941 1026 2005 etde
1049 1940 1147 2004 malo.

368 2060 418 2115 75.
442 2051 557 2116 Idem²
571 2052 717 2135 appellat
733 2053 914 2118 Ricardum
929 2053 973 2117 de
984 2051 1103 2116 Swelle
1118 2052 1161 2116 de
1176 2060 1422 2135 receptamento

321 2163 484 2228 latrocinii
492 2164 540 2228 ita
550 2164 640 2246 quod
653 2166 833 2246 receptavit
844 2184 920 2230 eum
932 2173 966 2228 et
977 2164 1083 2230 socios
1092 2185 1169 2229 suos
1180 2167 1270 2248 apud
1281 2163 1422 2230 Bracke-

321 2276 418 2340 leiam
430 2277 464 2339 in
476 2276 636 2341 comitatu
648 2275 903 2352 Norhamtonic,
915 2286 949 2341 et
957 2276 1039 2342 emit
1050 2276 1093 2341 ab
1103 2297 1143 2340 eo
1158 2297 1259 2340 unam
1274 2278 1421 2342 tunicam

322 2397 355 2452 et
367 2387 584 2453 lintheamina
600 2396 634 2453 et
645 2407 668 2468 4
679 2389 775 2453 ulnas
790 2388 832 2452 de
847 2387 1025 2452 blancheto
1038 2397 1071 2452 et
1087 2388 1180 2472 plura
1195 2389 1261 2452 alia
1275 2387 1370 2465 furta,
1388 2398 1422 2453 et

321 2501 417 2566 scivit
438 2501 523 2566 bene
545 2502 636 2584 quod
662 2500 746 2565 latro
764 2500 826 2565 fuit
848 2509 882 2564 et
905 2500 995 2582 quod
1015 2498 1096 2565 illud
1119 2500 1181 2565 fuit
1203 2499 1421 2575 latrocinium,

322 2623 355 2677 et
378 2611 442 2678 hoc
464 2622 599 2695 paratus
620 2621 671 2678 est
693 2614 833 2696 probare
862 2633 922 2696 per
950 2633 1068 2695 corpus
1098 2633 1194 2678 suum
1223 2613 1308 2678 sicut
1333 2614 1423 2678 curia

322 2724 586 2791 consideraverit.

365 2835 551 2902 ³Ricardus
574 2837 730 2904 dimissus
753 2847 804 2903 est
818 2858 878 2921 per
893 2838 954 2901 hos
969 2834 1097 2919 plegios
1114 2835 1301 2901 Robertum
1316 2836 1421 2901 filium

321 2946 457 3026 warini,
472 2948 679 3012 Willelmum
696 2949 843 3015 Russum
859 2947 997 3023 fabrum,
1013 2947 1201 3027 Johannem
1223 2946 1328 3010 filium
1353 2947 1421 3012 Ra·
1461 2989 1464 2994 -

321 3059 403 3122 dulfi
443 3060 487 3123 de
523 3059 761 3144 Thornebirge,
795 3058 977 3124 Radulfum
1012 3057 1215 3133 Bonechose‚
1247 3056 1420 3122 Simonem

321 3168 522 3249 Sherwinde,
538 3170 744 3235 Wsslelmum
766 3169 902 3234 lrentho
921 3169 1031 3235 standi
1054 3177 1144 3234 recto
1164 3169 1192 3232 si
1216 3169 1290 3251 quis
1307 3189 1421 3234 versus

321 3301 397 3345 eum
419 3281 510 3364 loqui
532 3282 706 3348 voluerit³.

365 3391 433 3457 ⁴Et
455 3395 619 3459 Ricardus
640 3395 732 3460 venit
754 3404 788 3459 et
809 3393 959 3458 defendit
976 3393 1185 3459 latrocinium
1210 3404 1244 3459 et
1271 3404 1419 3477 recepta·

321 3514 470 3569 mentum
486 3517 519 3570 et
535 3516 643 3571 totum
659 3507 702 3572 de
713 3507 815 3572 verbo
831 3507 864 3569 in
876 3505 1013 3570 verbum
1030 3504 1114 3569 sicut
1127 3525 1241 3569 versus
1255 3504 1420 3571 latronem

320 3616 460 3700 ligatum
482 3629 516 3683 et
538 3621 633 3703 ponit
653 3641 689 3684 se
713 3638 813 3704 super
835 3617 1001 3683 visnetum
1023 3636 1120 3684 suum
1142 3617 1186 3683 de
1208 3617 1297 3683 bono
1321 3627 1355 3684 et
1377 3619 1421 3684 de

321 3729 435 3794 malo⁴.

740 3817 857 3879 [aromo.
873 3817 905 3864 11
922 3812 1006 3876 doru]

611 3923 831 3988 Hundredum
852 3922 893 3987 de
917 3919 1137 4006 Tyboldestan.

363 4036 533 4116 Juratores
547 4034 686 4100 dicunt⁶

367 4153 416 4210 76.
438 4145 572 4226 Juliana
593 4148 636 4210 de
660 4144 753 4210 Clive
773 4146 920 4228 appellat
936 4147 1121 4212 Robertum
1144 4146 1249 4212 filium
1265 4149 1420 4217 Nicholai

353 4281 393 4310 ¹·¹
410 4281 547 4345 Postscript
556 4281 605 4331 and
616 4281 699 4332 struck
711 4288 769 4339 out;
786 4289 830 4331 not
841 4281 918 4331 found
930 4282 955 4331 in
967 4280 997 4331 B.

353 4358 363 4388 ¹
379 4359 448 4409 Idem
460 4359 512 4410 pus
524 4359 551 4411 B.
906 4359 947 4392 Η
963 4361 1108 4425 Postscript.

354 4441 394 4471 Η
410 4443 472 4492 This
488 4449 553 4493 must
567 4442 632 4494 have
645 4444 706 4493 been
725 4443 822 4494 written
837 4442 921 4492 before
937 4443 980 4492 the
993 4458 1099 4508 passage
1116 4443 1171 4493 that
1185 4459 1243 4494 now
1260 4445 1377 4510 precedes
1391 4444 1420 4499 it.

322 4523 352 4574 ln
365 4525 385 4574 B
397 4523 439 4574 the
450 4523 521 4574 order
533 4525 562 4575 of
570 4525 612 4576 the
624 4533 674 4574 two
687 4526 708 4574 is
720 4524 838 4576 reversed.

355 4608 365 4637 ⁵
384 4607 410 4657 ln
421 4607 441 4656 Β
452 4606 521 4657 these
532 4607 612 4656 words
621 4606 694 4670 begin
703 4606 747 4656 the
757 4607 807 4655 first
817 4607 1129 4672 presentment.Jnratorcs
1138 4607 1227 4657 dicun!
1233 4609 1420 4676 quodJulr'ana.
