3234 5072
463 429 524 483 DE
546 429 739 487 COMITAT
742 432 770 486 U
791 430 1086 488 GLOUCESTRIE.
1282 445 1323 510 29

224 591 408 658 decollatus
431 591 493 657 suit
516 591 627 658 ¹nulla
653 594 773 661 catalla
802 593 1018 661 habuerunt¹.
1066 596 1192 662 Dicunt
1220 599 1324 662 eciam

220 705 385 788 juratores
414 707 504 788 quod
534 726 649 771 omnes
678 707 797 773 fratres
825 707 873 771 illi
904 707 1034 773 suerunt
1062 710 1179 774 eodem
1203 710 1258 775 die
1282 712 1325 774 de

225 825 423 899 manupastu
447 816 595 900 ejusdem
621 817 760 883 Roberti
786 830 820 884 et
846 840 921 884 cum
946 841 986 884 eo
1009 821 1234 885 veneruntad
1257 841 1325 885 cer·

223 930 339 996 visiam
356 941 481 994 etcum
497 952 538 995 eo
554 933 719 996 redierunt
731 935 774 997 de
788 932 877 999 lacto
894 933 970 1012 illo;
994 942 1028 997 et
1040 934 1125 998 bene
1137 933 1325 1018 intelligunt

225 1044 314 1126 quod
333 1044 377 1109 sit
396 1043 570 1127 culpabilis
593 1054 626 1108 et
648 1052 745 1110 tanto
768 1044 887 1110 melius
910 1066 950 1110 eo
972 1047 1063 1128 quod
1086 1047 1180 1111 dedit
1202 1054 1325 1110 terram

225 1153 341 1218 suaml
355 1176 415 1238 pro
430 1176 513 1237 pace
532 1155 587 1219 illa
602 1156 762 1221 facienda.

269 1267 315 1330 Et
329 1266 490 1349 juratores
509 1267 761 1333 concelaverunt
777 1268 863 1334 hanc
879 1270 1045 1354 loquelam
1062 1281 1096 1335 et
1111 1271 1186 1335 ideo
1209 1290 1324 1335 omnes

225 1379 259 1441 in
280 1379 514 1444 misericordia.
560 1381 605 1445 Et
628 1380 799 1462 Johannes
826 1381 911 1446 filius
934 1382 1073 1464 predicti
1101 1380 1252 1446 Gausridi
1281 1383 1325 1445 de

226 1488 369 1555 Suttone
388 1491 450 1554 luit
476 1511 561 1555 unus
575 1490 782 1573 juratorum3
805 1494 1017 1558 consenciens
1033 1492 1094 1557 fuit
1109 1493 1152 1557 de
1167 1513 1248 1575 pace
1269 1492 1326 1556 illa

226 1612 260 1667 et
274 1602 455 1668 concelavit
471 1611 612 1666 mortem
629 1605 731 1686 patris
747 1605 797 1667 sui
813 1615 846 1669 et
863 1605 937 1668 ideo
953 1605 1177 1683 custodiatur3
1202 1603 1324 1668 ³finem

225 1715 304 1780 fecit
318 1736 393 1779 cum
410 1724 515 1780 matre
530 1737 589 1780 sua
606 1717 690 1780 sicut
705 1718 892 1781 continetur
907 1716 1039 1782 inferius
1049 1716 1071 1780 ³.

269 1828 398 1892 Villata
419 1829 464 1892 de
486 1827 630 1892 Suttone
653 1838 687 1892 et
705 1827 819 1892 villata
835 1831 877 1893 de
894 1829 1096 1894 Scherncote
1119 1838 1154 1892 et
1176 1830 1219 1892 de
1244 1828 1326 1891 Bur·

226 1939 326 2004 tone⁴
341 1950 375 2004 et
390 1938 433 2003 de
448 1937 644 2004 Todeham⁴
660 1948 695 2004 et
713 1940 757 2003 de
773 1940 929 2004 Mortone
945 1940 1002 2006 ⁶et
1017 1941 1060 2005 de
1080 1961 1182 2022 parva
1198 1940 1324 2023 Cump-

226 2050 324 2117 tone⁶
339 2051 402 2116 hoc
418 2053 506 2116 idem
522 2052 636 2117 dicunt
651 2053 740 2134 quod
752 2051 915 2134 juratores
931 2061 965 2117 et
976 2053 1066 2136 quod
1083 2051 1170 2116 male
1185 2053 1325 2116 credunt

227 2185 302 2228 eum
325 2166 369 2229 de
392 2172 499 2228 morte
519 2161 584 2228 illa.
622 2163 669 2228 Et
692 2163 767 2227 ideo
792 2164 960 2228 convictus
987 2172 1059 2242 est;
1094 2165 1324 2248 suspendatur.
1337 2174 1444 2241 suspend

228 2277 448 2360 Loquendum
464 2277 507 2341 de
523 2285 608 2341 terra
624 2283 658 2340 et
673 2276 810 2340 catallis.

272 2383 352 2476 [Er]
369 2397 486 2471 postea
507 2388 598 2452 venit
621 2388 765 2452 Cristina
784 2397 818 2453 et
838 2387 994 2470 cognovit
1018 2389 1107 2471 quod
1131 2396 1246 2452 secuta
1267 2386 1330 2451 suit

227 2503 311 2566 duos
327 2501 506 2565 comitatus
520 2520 633 2564 versus
648 2499 756 2581 ipsum
771 2498 956 2563 Robertum
973 2509 1006 2563 et
1022 2499 1105 2565 alios
1122 2509 1155 2564 et
1170 2499 1248 2581 quia
1262 2518 1329 2561 non

227 2613 337 2695 potuit
352 2611 445 2694 sequi
461 2610 537 2694 plus
552 2612 627 2674 ideo
644 2611 801 2675 remansit
814 2611 904 2673 dorni
921 2620 954 2674 et
969 2611 1055 2674 bene
1070 2611 1223 2693 cognovit
1239 2611 1329 2692 quod

228 2724 295 2789 filia
310 2744 370 2788 sua
386 2723 540 2788 maritata
551 2722 614 2787 fuit
625 2723 693 2786 filio
709 2722 860 2804 ejusdem
874 2721 1013 2786 Roberti
1029 2732 1080 2786 set
1093 2743 1159 2785 non
1173 2743 1231 2805 per
1246 2742 1330 2785 eam.

229 2884 383 2902 .......
402 2855 514 2900 coram
527 2835 716 2917 justiciariis
732 2845 766 2899 et
782 2835 862 2899 dicit
878 2834 969 2916 quod
991 2854 1057 2898 non
1072 2834 1144 2897 vult
1160 2833 1251 2916 sequi
1268 2833 1330 2897 nisi

228 2970 285 3012 eos
306 2947 434 3012 videret
456 2957 490 3011 et
512 2947 589 3011 ideo
612 2948 645 3010 in
668 2945 891 3010 misericordia
902 2944 925 3010 ⁶.
971 2946 1051 3010 Post
1073 2945 1165 3010 venit
1188 2944 1331 3010 Cristina

229 3069 263 3125 et
278 3059 377 3123 finem
393 3058 471 3123 fecit
485 3077 544 3141 per
558 3065 613 3136 40·
628 3059 671 3121 de
686 3056 908 3121 misericordia
924 3077 1002 3136 sua3
1026 3056 1127 3140 plegii
1144 3057 1186 3120 de
1202 3056 1329 3120 miseri·

228 3172 341 3236 cordia
357 3171 509 3253 Rogerus
525 3170 567 3233 de
580 3167 733 3248 Suttone,
748 3169 911 3233 Ricardus
925 3167 1149 3244 Sansmancel,
1164 3167 1332 3233 Robertus

228 3285 272 3348 de
287 3264 459 3362 Parhame‚
476 3281 629 3364 Rogerus
647 3281 690 3345 de
707 3280 840 3344 Bruera.

276 3402 347 3460 102.
371 3393 509 3458 Matillis
530 3391 597 3456 filia
612 3392 728 3455 Albini
747 3392 920 3475 presbiteri
939 3392 1122 3476 appellavit
1144 3392 1331 3458 Robertum

230 3507 353 3573 Russel
382 3507 425 3571 de
456 3526 538 3589 rapo
565 3514 599 3569 et
625 3504 697 3587 ipsa
724 3505 806 3569 obiit
833 3513 868 3568 et
893 3503 1063 3568 Robertus
1087 3524 1155 3569 non
1181 3504 1273 3568 venit
1299 3512 1333 3568 et

229 3621 431 3686 attachiatus
446 3619 507 3682 suit
522 3637 582 3700 per
598 3615 783 3680 Radulfum
797 3616 841 3680 de
856 3614 1070 3680 Welnelorde
1092 3626 1125 3680 et
1142 3613 1332 3697 Philippum

229 3735 273 3798 de
289 3731 384 3797 Bello
399 3729 539 3795 Montel
556 3739 589 3794 et
605 3729 681 3793 ideo
698 3728 730 3790 in
748 3726 970 3791 misericordia
985 3747 992 3804 ;
1015 3727 1189 3810 Philippus
1203 3725 1296 3790 obiit.
1345 3736 1398 3793 ιῐιῖῐ

261 3959 300 3990 ²·¹
317 3958 453 4010 Interlined
466 3959 490 4009 in
503 3960 527 4009 A
539 3957 588 4008 end
603 3959 629 4006 B.

261 4041 272 4071 ¹
287 4050 357 4092 tanto
367 4042 457 4092 melius
468 4041 529 4106 quia
541 4041 609 4090 dedit
619 4041 647 4090 de
658 4047 728 4089 terra
740 4055 788 4090 sua
800 4039 830 4089 B.

262 4123 302 4157 Η
319 4123 456 4188 Postscript
468 4124 492 4173 in
505 4123 543 4179 A:
552 4121 634 4188 finem
646 4123 666 4172 is
678 4121 762 4172 struck
774 4120 900 4187 through;
918 4121 1035 4171 nowhere
1046 4121 1072 4170 in
1084 4121 1113 4171 B.

262 4207 301 4238 Η
317 4205 452 4257 lnterlined
464 4206 490 4255 ln
502 4205 535 4262 Α,
546 4204 662 4255 nowhere
674 4205 698 4253 in
711 4204 739 4254 B.
807 4205 849 4235 Η
865 4202 955 4254 struck
967 4210 1011 4253 out
1023 4205 1049 4253 in
1061 4203 1093 4262 Α,
1107 4202 1157 4254 end
1168 4202 1223 4253 also
1235 4203 1260 4251 in
1271 4202 1299 4253 B.

262 4287 272 4317 ⁸
288 4289 357 4340 Here
368 4304 419 4339 was
429 4288 527 4337 written
541 4282 632 4344 custod,
645 4287 690 4336 but
702 4286 752 4336 this
763 4286 784 4336 is
795 4285 879 4336 struck
897 4285 1022 4350 through3
1039 4285 1108 4335 what
1119 4283 1220 4334 follows
1231 4285 1253 4334 ir
1265 4291 1336 4350 post·

230 4372 313 4437 script.
346 4370 401 4420 The
414 4369 547 4435 preceding
563 4375 676 4418 sentence
693 4366 739 4418 has
756 4369 781 4417 in
799 4368 822 4416 Α
840 4368 901 4418 been
918 4367 1040 4418 obscured
1056 4366 1118 4417 both
1136 4367 1169 4432 by
1181 4367 1224 4418 the
1239 4367 1291 4418 loss
1308 4366 1338 4416 ol

231 4453 313 4504 words
324 4453 372 4502 end
385 4453 418 4516 by
429 4450 628 4510 interlineation;
646 4451 665 4500 it
676 4451 737 4501 does
746 4457 791 4500 not
804 4465 880 4500 occur
891 4450 916 4499 'm
929 4449 957 4501 B.

264 4535 273 4566 ⁷
290 4536 372 4585 Name
383 4533 466 4585 struck
479 4539 522 4582 out
536 4533 559 4581 in
573 4534 595 4582 Α
607 4532 656 4582 and
669 4532 697 4583 B.
