3234 5072
313 417 354 481 26
673 421 827 478 PLACIT
827 421 854 476 A
881 419 1047 476 CORONE

310 597 421 662 averia
437 604 471 660 et
488 596 578 679 quod
595 596 778 661 deliberata
793 595 926 660 suerunt
946 615 1005 677 per
1019 593 1247 660 vicecomitem
1271 601 1305 658 et
1321 593 1410 675 quod

311 707 375 772 hoc
404 709 565 791 placitum
594 710 725 773 duravit
755 709 789 772 in
825 709 985 773 comitatu
1012 727 1071 789 per
1097 727 1198 769 unum
1225 725 1349 768 annum
1378 714 1413 768 et

312 820 488 885 dimidium
504 831 684 904 antequam
707 820 838 884 fecisset
858 819 922 883 hoc
943 819 1114 902 appellum
1132 827 1166 882 et
1181 818 1272 900 quod
1289 818 1335 882 ita
1351 816 1413 881 luit

312 930 370 1003 lex
385 933 527 996 vadiata.
574 931 829 996 Consideratum
851 933 1005 1015 estquod
1022 930 1193 1015 appellum
1214 939 1265 994 est
1284 928 1412 991 nullum

312 1052 347 1108 et
362 1043 439 1108 ideo
455 1043 617 1109 Ricardus
633 1045 710 1109 inde
726 1044 857 1126 quietus
874 1053 908 1108 et
923 1043 1090 1108 Walterus
1106 1045 1149 1110 in.
1156 1041 1390 1107 misericordia.

769 1307 886 1370 [Momb.
906 1304 961 1370 12]

676 1456 796 1521 Adhuc
815 1457 855 1522 de
876 1456 1050 1521 Derhurst.

360 1607 421 1666 100
433 1599 454 1668 ¹.
479 1601 598 1669 Sibilla
614 1603 657 1668 de
673 1602 819 1668 Burtone
834 1624 920 1668 uxor
935 1602 1024 1667 Petri
1040 1599 1140 1665 Russi
1156 1598 1302 1684 queritur
1323 1597 1412 1681 quod

313 1712 478 1780 Ricardus
504 1715 535 1780 le
565 1715 669 1780 Bedel
694 1716 738 1780 de
769 1714 932 1780 Senecote
963 1724 997 1777 et
1028 1711 1164 1778 Samuel
1188 1711 1232 1774 de
1257 1710 1413 1782 Burtone,

313 1825 476 1891 Ricardus
493 1809 578 1890 filius
595 1825 767 1891 Godefridi
784 1837 818 1891 et
830 1825 1035 1909 Reginaldus
1051 1825 1093 1888 de
1110 1823 1275 1888 Senecote
1290 1840 1365 1883 curn
1380 1819 1413 1882 vi

312 1957 372 2002 sua
387 1945 548 2002 venerunt
566 1938 609 2002 ad
628 1937 766 2002 domum
788 1957 884 2002 suam
906 1938 949 2000 de
970 1945 1070 1999 nocte
1089 1935 1178 2016 apud
1201 1933 1347 1995 Burtone
1369 1929 1412 1993 ad

312 2047 435 2114 festum
451 2048 487 2114 S.
505 2049 595 2114 Petri
617 2058 747 2133 septem
766 2049 862 2114 annis
880 2049 1056 2114 transactis
1078 2047 1158 2112 dum
1175 2045 1237 2109 luit
1252 2044 1361 2119 vidua,
1378 2049 1412 2104 et

294 2153 558 2226 'assultaverunt
580 2162 718 2226 domum
739 2182 835 2226 suam
858 2170 894 2226 et
914 2160 1007 2225 illam
1030 2159 1198 2241 fregerunt
1222 2165 1256 2220 et
1278 2156 1311 2219 in
1330 2174 1413 2236 pace

312 2271 439 2337 domini
455 2272 560 2356 Regis
576 2273 728 2357 nequiter
742 2281 776 2338 et
791 2273 826 2337 in
846 2271 967 2337 felonia
982 2272 1151 2355 fregerunt
1166 2266 1301 2333 archam
1317 2285 1411 2329 suam

278 2455 281 2462 ,
311 2395 346 2449 et
372 2386 569 2451 robaverunt
592 2388 621 2452 ei
647 2405 777 2469 pannos
799 2406 885 2466 suos,
904 2385 1075 2464 scilicet,4
1096 2381 1313 2446 lintheamina
1336 2387 1370 2442 et
1396 2396 1408 2441 1

312 2491 486 2561 chalonerr'r
506 2508 539 2562 et
560 2499 643 2563 duas
665 2499 750 2564 telas
773 2498 877 2563 lineas
898 2499 941 2563 de
962 2515 1002 2561 10
1017 2497 1103 2561 ulnis
1123 2505 1159 2561 et
1178 2495 1240 2559 tria
1255 2492 1356 2577 pepla
1378 2499 1413 2555 et

312 2610 395 2674 duas
411 2610 541 2674 toaillas
557 2621 592 2674 et
607 2632 708 2676 unum
723 2611 884 2676 annulum
903 2631 1039 2676 aureum
1054 2619 1089 2675 et
1104 2608 1199 2693 plura
1213 2607 1279 2672 alia
1291 2603 1414 2688 jocalia

312 2724 396 2788 sicut
426 2732 521 2806 patet
551 2725 584 2788 in
616 2725 725 2788 rotulo
756 2733 999 2801 coronatorum,
1026 2731 1062 2788 et
1087 2735 1108 2806 5
1133 2721 1235 2786 boves
1265 2729 1300 2786 et
1329 2720 1413 2784 duas

312 2855 428 2900 vaccas
455 2845 490 2900 et
515 2854 529 2898 1
555 2835 743 2900 boviculum
770 2847 804 2900 et
828 2853 841 2899 1
867 2855 989 2919 equum
1016 2845 1050 2900 et
1074 2851 1114 2912 14
1135 2833 1298 2916 quarteria
1320 2829 1413 2895 bladi

312 2956 383 3011 tam
410 2947 565 3012 frumenti
590 2971 690 3031 quam
716 2949 943 3013 alteriusmodi
974 2957 1008 3011 et
1035 2965 1049 3009 1
1077 2955 1223 3011 caretam
1253 2944 1411 3009 ferratam

312 3078 435 3123 novam
461 3069 495 3123 et
522 3060 627 3123 multa
654 3059 720 3124 alia
744 3060 896 3123 utensilia
921 3060 1041 3123 domus
1065 3078 1125 3121 sue
1148 3059 1234 3122 sicut
1257 3065 1353 3139 patet
1376 3055 1410 3117 in

311 3169 427 3232 rotulis
450 3179 690 3249 coronatorum,
714 3179 750 3234 et
772 3172 860 3252 quod
884 3171 947 3235 hoc
970 3170 1118 3234 iecerunt
1141 3170 1290 3250 nequiter
1315 3167 1413 3230 offert

312 3280 454 3363 probare
469 3281 553 3346 sicut
569 3283 658 3346 curia
677 3283 955 3356 consideraverit3
978 3291 1012 3345 et
1027 3281 1113 3364 petit
1132 3277 1266 3344 Curiam
1282 3278 1409 3342 domini

314 3391 417 3474 Regis
443 3393 585 3476 quodsi
611 3394 724 3457 videat
753 3394 843 3476 quod
871 3412 938 3458 non
965 3392 1071 3475 possit
1096 3392 1189 3474 sequi
1211 3390 1263 3454 vel
1286 3389 1411 3452 habere

312 3502 469 3585 appelum
485 3505 613 3568 desicut
628 3503 731 3568 habet
746 3507 851 3569 virum
860 3502 882 3585 2,
899 3515 935 3569 ut
958 3505 1021 3569 hoc
1036 3503 1136 3567 faciat
1152 3503 1214 3566 sibi
1231 3501 1409 3566 emendari.

313 3616 360 3681 Et
375 3617 491 3680 Petrus
505 3617 555 3680 vir
569 3637 646 3681 suus
661 3617 741 3681 dicit
761 3618 852 3700 quod
875 3618 903 3681 si
924 3617 1023 3682 Curia
1046 3615 1299 3680 consideraverit
1321 3612 1411 3696 quod

312 3729 376 3792 hoc
402 3727 509 3792 facere
530 3729 644 3810 possit,
663 3738 798 3810 paratus
825 3738 876 3792 est
901 3728 1041 3810 probare
1064 3727 1153 3809 quod
1176 3725 1239 3790 hoc
1261 3724 1412 3788 fecerunt

313 3841 409 3905 uxori
432 3861 491 3903 sue
514 3840 599 3904 sicut
622 3840 805 3921 predictum
830 3848 889 3904 est.

357 3951 402 4015 Et
418 3951 581 4014 Ricardus
597 3960 630 4014 et
644 3951 701 4013 alii
718 3959 785 4013 tres
802 3950 939 4013 veniunt
956 3958 989 4012 et
1005 3947 1187 4012 defendunt
1202 3967 1319 4029 pacem
1335 3955 1407 4021 etc,

312 4071 347 4127 et
369 4063 531 4125 roberiam
547 4070 581 4125 et
597 4071 705 4125 totum
729 4071 790 4126 etc.
805 4069 986 4124 serverum
1001 4061 1116 4123 volunt
1137 4060 1244 4123 dicere
1255 4056 1410 4120 ³1—Gili-

311 4173 426 4237 bertus
452 4173 553 4236 frater
581 4157 722 4255 predicti
760 4171 923 4236 Samuelis
954 4180 1128 4253 postnatus
1158 4170 1328 4252 quondam
1362 4169 1411 4231 vir

344 4367 352 4395 ¹
370 4366 416 4415 See
428 4373 486 4415 note
498 4373 525 4416 to
537 4365 585 4415 this
597 4381 661 4416 case.

344 4447 354 4476 ²
370 4448 463 4496 desicut
473 4463 541 4495 nunc
552 4448 623 4496 habet
633 4449 721 4498 virum
733 4455 756 4497 et
767 4463 816 4497 nou
829 4447 918 4497 habuit
926 4455 986 4497 lunc
995 4447 1093 4512 quando
1105 4447 1148 4496 hoc
1158 4446 1182 4495 εἰ
1184 4446 1286 4510 sermm
1297 4453 1352 4494 erat
1362 4447 1390 4496 B.

344 4532 355 4560 ³
371 4536 395 4578 et
406 4529 493 4578 ddunt
505 4530 525 4578 B
537 4530 607 4579 adds.
