3234 5072
448 446 509 500 DE
531 445 756 502 COMITATU
776 445 1074 503 GLOUCESTRJE.
1191 509 1194 515 ,
1270 451 1311 520 25

257 610 445 676 Comitatus
468 612 657 676 recordatur
679 610 769 693 quod
788 610 874 673 ultra
895 609 986 673 filum
1004 629 1090 693 aque
1111 611 1153 676 de
1170 609 1312 674 Sabrina

213 723 371 805 quamdiu
395 723 571 788 comitatus
587 721 793 787 Gloucestrie
812 721 910 785 durat
925 721 1050 785 nullum
1066 720 1208 785 habetur
1223 739 1310 784 mur-

213 835 310 898 dmm
333 845 367 899 et
390 835 465 898 ideo
488 833 587 898 nichil
610 834 665 897 ibi.

258 954 309 1008 99.
332 939 414 1033 [Β]ι
437 944 605 1010 Waltems
634 943 735 1024 Toky
765 942 914 1025 appellat
946 943 1127 1007 Ricardum
1154 941 1313 1008 Pancelot

214 1058 304 1140 quod
321 1058 353 1121 in
368 1077 450 1140 pace
460 1057 591 1121 domini
608 1054 711 1138 Regis
732 1056 883 1137 nequiter
903 1064 937 1119 et
953 1056 987 1119 in
1002 1054 1124 1120 felonia
1140 1055 1267 1120 robavit
1283 1056 1313 1118 ei

214 1170 299 1234 duos
321 1189 425 1251 equos
450 1168 550 1252 precii
574 1175 627 1230 20·
645 1175 678 1231 et
700 1186 802 1230 unum
819 1185 932 1230 ensem
947 1175 981 1246 4·
996 1176 1030 1231 et
1046 1167 1109 1232 hoc
1125 1167 1221 1231 offert
1239 1187 1315 1249 pro-

215 1281 295 1344 bare
308 1301 421 1344 versus
436 1301 512 1344 eum
527 1300 586 1362 per
601 1299 719 1361 corpus
734 1297 830 1341 suum
845 1278 930 1342 sicut
946 1279 1035 1343 curia
1050 1278 1315 1343 consideraverit.

217 1392 307 1457 Dicit
323 1393 427 1457 eciam
444 1393 533 1475 quod
553 1390 746 1456 deforciavit
767 1391 797 1453 ei
812 1389 926 1453 senum
942 1391 985 1453 ad
1001 1389 1185 1455 valenciam
1205 1398 1257 1454 10¹
1273 1390 1316 1452 de

216 1506 363 1588 quodam
381 1514 477 1589 prato
493 1505 583 1588 quod
600 1502 706 1567 tenuit
722 1503 765 1566 de
783 1522 823 1564 eo
838 1501 881 1565 ad
897 1499 1036 1566 firmam.

261 1617 308 1681 Et
332 1616 495 1681 Ricardus
517 1617 607 1681 venit
631 1625 664 1680 et
687 1613 835 1679 defendit
857 1633 974 1696 pacem
995 1614 1121 1677 domini
1144 1610 1247 1696 Regis
1268 1613 1317 1677 in-

216 1731 356 1795 fractam
377 1739 412 1794 et
428 1729 585 1792 feloniam
609 1738 641 1792 et
664 1728 819 1810 quicquid
844 1736 893 1790 est
916 1737 1030 1791 contra
1054 1747 1169 1809 pacem
1189 1728 1316 1793 domini

219 1843 332 1925 Regis.
377 1842 424 1906 Et
443 1861 558 1905 verum
578 1838 649 1903 vult
671 1841 788 1904 dicere.
837 1839 883 1902 Et
906 1839 986 1903 dicit
1008 1840 1098 1922 quod
1122 1840 1210 1903 idem
1226 1839 1317 1902 Wal-

217 1963 308 2019 terus
331 1955 438 2018 tenuit
457 1953 628 2036 quoddam
648 1960 780 2034 pratum
803 1953 846 2016 de
869 1972 909 2014 eo
925 1971 984 2033 per
1004 1961 1054 2014 10·
1069 1971 1128 2035 per
1142 1971 1266 2014 annum
1283 1961 1317 2015 et

219 2065 360 2131 detinuit
384 2065 413 2128 ei
437 2065 603 2128 redditum
627 2063 719 2127 illurn
740 2082 799 2145 per
813 2082 835 2140 4
851 2082 955 2125 annos
976 2064 1151 2126 continuos
1166 2065 1212 2127 ita
1227 2063 1317 2146 quod

219 2177 298 2242 lecit
320 2198 397 2241 eum
418 2174 653 2241 summonere²
669 2173 791 2258 pluries
814 2174 903 2256 quod
922 2174 1077 2240 redderet
1096 2175 1124 2238 ei
1149 2175 1319 2238 redditum

218 2289 313 2353 illum
336 2298 370 2355 et
393 2289 463 2372 ipse
478 2287 592 2352 noluit.
639 2286 770 2350 Invenit
793 2305 895 2368 equos
918 2295 952 2349 et
974 2307 1076 2368 equas
1098 2287 1265 2368 predictos
1285 2287 1319 2351 in

221 2405 340 2470 eodem
364 2411 461 2486 prato
487 2411 521 2465 et
545 2401 621 2465 illos
641 2401 730 2483 cepit
749 2399 782 2463 in
805 2399 953 2462 namium
976 2421 1037 2482 pro
1060 2399 1155 2464 firma
1177 2421 1257 2475 sua;
1286 2410 1321 2465 et

220 2518 296 2583 illos
318 2515 424 2581 tenuit
444 2535 484 2577 eo
504 2512 593 2596 quod
614 2512 703 2576 idem
719 2510 887 2598 Walterus
910 2509 1016 2574 noluit
1036 2510 1110 2574 illos
1132 2497 1244 2594 petere
1262 2531 1322 2594 per

221 2630 387 2714 plevinam
412 2647 473 2690 nec
500 2625 606 2710 eciam
635 2625 756 2707 quiete,
781 2632 831 2686 set
858 2622 917 2685 ivit
942 2622 984 2685 ad
1009 2624 1238 2687 vicecomitem
1265 2625 1322 2706 qui

222 2742 299 2807 illuc
321 2738 410 2804 misit
425 2736 611 2801 Walterum
633 2733 786 2817 Haghull
806 2735 1004 2797 servientem
1027 2755 1124 2798 suum
1147 2734 1189 2798 ad
1213 2735 1323 2798 averia

222 2874 283 2918 sua
313 2850 537 2916 deliberanda.
598 2847 645 2910 Et
675 2847 762 2910 idem
793 2844 962 2910 Walterus
992 2866 1032 2909 ea
1061 2845 1257 2910 deliberavit
1289 2855 1323 2911 et

224 2986 300 3030 eum
331 2961 536 3028 summonuit
565 2960 655 3043 quod
686 2966 772 3022 esset
804 2959 848 3022 ad
880 2958 1077 3020 comitatum
1109 2977 1324 3039 responsurus

224 3097 325 3160 quare
358 3075 499 3139 detinuit
530 3095 569 3138 ea
596 3080 712 3137 contra
733 3071 869 3133 vadium
896 3081 930 3133 et
958 3070 1118 3153 plegium.
1164 3071 1210 3136 Et
1233 3073 1324 3136 venit

223 3189 268 3254 ad
290 3187 485 3252 comitatum
510 3195 544 3249 et
572 3186 643 3266 ipse
666 3191 798 3246 secutus
822 3181 885 3245 luit
917 3182 951 3244 in
983 3192 1113 3247 tantum
1136 3184 1226 3266 quod
1254 3183 1325 3266 ipse

226 3298 390 3364 Ricardus
412 3297 557 3361 vadiavit
576 3314 590 3357 1
611 3296 718 3378 legem
742 3305 858 3358 contra
881 3314 957 3356 eum
980 3295 1070 3377 quod
1094 3316 1160 3359 non
1184 3295 1325 3359 detinuit

226 3433 265 3476 ea
281 3420 395 3476 contra
410 3409 545 3473 vadium
566 3417 628 3472 etc.
675 3406 721 3469 Et
739 3405 781 3468 ad
803 3407 999 3470 comitatum
1020 3407 1063 3470 ad
1087 3427 1187 3489 quem
1210 3407 1327 3472 debuit

225 3523 333 3588 lacere
364 3521 472 3603 legem
502 3531 598 3582 suam
624 3529 703 3582 tunc
726 3517 834 3600 primo
864 3517 1045 3600 appellavit
1072 3538 1148 3581 eum
1175 3519 1218 3581 de
1244 3538 1327 3600 pace

226 3634 355 3699 domini
367 3632 478 3716 Regis,
491 3639 525 3695 et
536 3648 667 3713 semper
678 3630 768 3712 prius
781 3630 823 3693 de
839 3649 921 3712 pace
937 3629 1148 3693 vicecomitis
1180 3628 1226 3691 Et
1242 3629 1327 3710 petit

227 3747 291 3812 hoc
307 3746 369 3809 sibi
384 3743 517 3810 allocari
534 3754 568 3808 et
583 3741 678 3826 ponit
693 3762 729 3805 se
744 3760 843 3823 super
857 3738 920 3803 hoc
935 3760 1035 3822 super
1049 3739 1254 3803 comitatum.

273 3859 319 3924 Et
331 3857 498 3922 Walterus
514 3853 683 3937 cognoscit
698 3853 786 3936 quod
801 3853 908 3933 primo
923 3849 1081 3933 apellavit
1096 3871 1172 3914 eum
1188 3852 1230 3915 de
1247 3871 1329 3933 pace

228 3968 432 4036 vicecomitis
447 3985 619 4050 quousque
634 3964 717 4028 vidit
733 3963 821 4046 quod
838 3983 897 4045 per
912 3962 1021 4045 legem
1036 3961 1140 4027 voluit
1156 3963 1185 4025 ei
1201 3960 1330 4025 auferre

230 4083 404 4169 pecuniam
416 4101 511 4145 suam
528 4086 561 4142 et
571 4087 650 4142 tunc
666 4075 822 4140 fecithoc
837 4073 1016 4156 appellum,
1028 4081 1062 4137 et
1077 4072 1225 4138 defendit
1237 4074 1329 4156 quod

231 4195 359 4260 nullum
373 4192 544 4256 servicium
561 4190 588 4253 ei
606 4211 626 4253 a
644 4197 732 4252 retro
746 4188 808 4251 luit
823 4185 957 4268 quando
973 4185 1061 4266 cepit
1076 4184 1185 4248 averia
1199 4205 1268 4249 sua.

274 4305 444 4388 Juratores
466 4313 500 4366 et
522 4311 611 4366 totus
639 4299 817 4364 comitatus
844 4296 1034 4360 recordatur
1056 4295 1147 4377 quod
1174 4296 1221 4360 ita
1243 4297 1331 4379 cepit

431 4551 439 4580 ¹
456 4551 503 4600 See
514 4557 571 4600 note
585 4556 611 4598 to
623 4547 675 4598 this'
685 4561 747 4597 case.
1062 4541 1072 4571 ¹
1087 4541 1136 4593 sic.
