3234 5072
331 451 351 510 6
687 455 842 512 PLACIT
841 457 868 511 A
895 455 1060 512 CORONE

376 631 425 686 19.
450 625 617 688 Robertus
629 626 672 689 de
682 625 918 690 Tollanestone
929 624 1110 708 appellavit
1121 623 1309 707 Johannem
1322 623 1427 688 filium

331 734 411 799 Coci
428 737 470 800 de
485 737 622 814 roberia,
639 746 700 801 etc.
714 761 723 815 ;
746 746 780 802 et
797 738 964 802 Robertus
979 737 1081 816 obiit3
1104 746 1138 802 et
1153 718 1322 818 Johannes
1336 735 1428 800 venit

330 857 364 912 et
387 868 452 912 non
472 847 703 913 malecreditur
724 857 758 914 et
778 850 854 914 ideo
873 850 950 914 inde
972 850 1112 933 quietus,
1127 849 1184 914 1et
1207 849 1249 912 ad
1267 847 1428 930 judicium

330 960 373 1023 de
384 959 586 1040 juratoribus
600 961 657 1044 qui
672 961 736 1026 hoc
752 961 1014 1038 concelaverunt,
1031 961 1108 1027 etc.¹

375 1077 414 1131 20
425 1070 447 1134 ².
471 1071 585 1135 Adam
604 1073 647 1136 de
662 1071 925 1138 Trokemertone
945 1073 1092 1157 appellat
1109 1073 1318 1138 Clementem
1336 1071 1424 1135 Bon·

330 1201 390 1264 pas
406 1183 495 1264 quod
516 1184 600 1248 sicut
616 1183 702 1247 idem
721 1183 875 1248 Clemens
895 1185 1104 1266 adjudicatus
1119 1186 1180 1249 fuit
1199 1185 1242 1248 ad
1258 1183 1428 1267 quandam

330 1293 440 1376 legem
451 1293 635 1358 faciendam
651 1316 711 1378 pro
724 1295 800 1360 seno
816 1305 850 1360 et
862 1296 934 1360 aliis
950 1297 1078 1362 catallis
1090 1318 1155 1380 que
1170 1297 1259 1360 idem
1273 1294 1430 1359 Clemens

331 1405 361 1468 ei
381 1405 572 1480 abstulerat,
588 1415 622 1471 et
636 1407 728 1470 venit
742 1408 776 1470 in
791 1395 986 1473 comitatum
1007 1410 1050 1473 ad
1067 1408 1175 1491 legem
1195 1428 1290 1472 suam
1310 1407 1430 1471 facien·

331 1517 422 1592 dam,
438 1517 526 1581 idem
542 1516 655 1582 Adam
673 1520 793 1583 levavit
809 1541 885 1583 eum
901 1521 944 1584 de
960 1519 1033 1603 lege
1052 1527 1085 1585 et
1100 1519 1280 1603 appellavit
1296 1540 1373 1583 eum
1395 1527 1430 1583 et

331 1628 439 1692 adhuc
469 1629 616 1711 appellat
649 1632 738 1713 quod
769 1633 919 1714 nequiter
945 1641 979 1696 et
1008 1633 1041 1695 in
1072 1632 1193 1696 felonia
1224 1641 1258 1696 et
1284 1631 1319 1694 in
1348 1651 1430 1714 pace

332 1740 457 1803 domini
474 1741 578 1823 Regis
592 1740 696 1805 voluit
714 1762 750 1805 se
765 1742 930 1824 perjurare
952 1752 989 1806 ut
1011 1742 1153 1808 auferret
1172 1744 1201 1808 ei
1222 1743 1343 1808 catalla
1364 1761 1424 1806 sua

332 1860 365 1915 et
380 1850 444 1915 hoc
458 1851 555 1916 offert
569 1854 709 1935 probare
725 1853 809 1917 sicut
825 1854 914 1918 curia
929 1853 1193 1918 consideraverit.

377 1962 531 2027 Clemens
557 1965 647 2028 venit
677 1974 711 2027 et
737 1964 886 2029 defendit
916 1965 1072 2028 feloniam
1099 1975 1133 2030 et
1159 1985 1275 2049 pacem
1306 1975 1368 2030 etc.
1395 1975 1428 2029 et

331 2083 439 2140 totum
463 2085 522 2139 etc.
540 2085 574 2141 et
592 2077 687 2158 ponit
708 2097 744 2140 se
761 2097 860 2159 super
870 2075 1055 2158 juratam³:
1079 2075 1152 2142 ⁴set
1174 2097 1287 2141 revera
1304 2076 1428 2141 Felicia

333 2199 439 2252 mater
460 2187 608 2270 ejusdem
624 2188 702 2252 Ade
724 2189 873 2253 vendidit
896 2189 925 2252 ei
948 2189 1061 2253 fenum
1084 2189 1166 2254 illud
1185 2211 1260 2254 cum
1280 2191 1426 2272 quadam

330 2307 418 2364 terra
439 2319 539 2382 quam
561 2301 590 2364 ei
613 2299 743 2378 locavit,
760 2310 794 2365 et
816 2301 894 2365 inde
914 2301 1008 2384 ponit
1030 2322 1066 2365 se
1086 2322 1184 2386 super
1198 2303 1343 2385 juratam
1354 2301 1376 2380 ⁵,
1395 2309 1428 2365 et

331 2411 483 2494 producit
505 2420 630 2476 sectam
654 2411 870 2477 sufficientem
893 2434 957 2496 que
978 2412 1042 2479 hoc
1068 2420 1217 2506 testatur,
1244 2422 1278 2478 et
1303 2411 1427 2477 Felicia

330 2525 421 2588 venit
436 2533 470 2588 et
484 2525 690 2589 warrentizat
706 2525 735 2588 ei
751 2525 979 2590 vendicionem
995 2526 1085 2590 illam
1096 2524 1119 2588 ⁴.

375 2636 422 2700 Et
442 2637 618 2701 comitatus
637 2638 828 2702 recordatur
847 2638 938 2719 quod
961 2638 1049 2702 idem
1069 2636 1183 2701 Adam
1204 2636 1301 2720 petiit
1316 2655 1428 2700 versus

331 2769 406 2812 eum
418 2748 530 2812 fenum
540 2749 582 2812 ad
594 2749 774 2813 valentiam
784 2757 816 2829 5⁸
828 2750 917 2832 quod
930 2749 960 2814 ei
972 2757 1197 2831 asportaverat
1208 2749 1240 2811 in
1252 2748 1426 2812 hundredo

332 2869 366 2924 et
388 2860 477 2943 quod
500 2860 564 2924 hoc
592 2861 621 2925 ei
644 2861 766 2925 fecerat
788 2862 822 2924 in
852 2881 934 2944 pace
962 2861 1185 2939 vicecomitis3
1212 2869 1246 2924 et
1274 2859 1429 2923 Clemens

330 2975 421 3037 venit
446 2984 525 3038 tunc
552 2974 585 3037 in
611 2973 786 3039 hundredo
811 2983 845 3038 et
868 2972 1018 3038 defendit
1042 2981 1151 3036 toturn
1179 2979 1240 3037 etc.
1258 2981 1292 3036 et
1318 2972 1375 3035 lex
1401 2971 1431 3035 ei

330 3087 520 3170 adjudicata
535 3086 598 3151 fuit
613 3096 647 3151 et
663 3087 692 3150 ei
714 3087 813 3150 datus
832 3086 894 3150 fuit
913 3086 985 3149 dies
1005 3085 1051 3148 ad
1075 3084 1271 3149 comitatum
1292 3084 1335 3147 ad
1353 3083 1432 3146 faci·

333 3199 453 3262 endam
476 3198 585 3282 legem
607 3216 710 3272 suam,
727 3205 761 3261 et
781 3205 861 3261 tunc
883 3195 975 3261 venit
992 3215 1068 3259 curn
1092 3195 1166 3278 lege
1189 3215 1267 3273 sua;
1292 3202 1325 3258 et
1347 3196 1432 3259 sicut

332 3309 449 3373 debuit
470 3309 577 3374 facere
600 3309 708 3393 legem
730 3309 820 3373 venit
843 3308 932 3372 idem
955 3306 1070 3371 Adam
1094 3315 1129 3371 et
1151 3306 1272 3370 levavit
1295 3326 1379 3384 eum,
1399 3315 1433 3370 et

333 3419 513 3503 appellavit
535 3440 612 3484 eum
635 3421 719 3484 sicut
742 3418 927 3501 predictum
951 3425 1002 3482 est
1029 3416 1118 3499 quod
1146 3415 1180 3477 in
1202 3433 1285 3497 pace
1306 3413 1433 3477 domini

335 3531 438 3613 Regis
468 3540 502 3594 et
532 3530 565 3594 in
602 3531 730 3594 roberia
760 3537 794 3593 et
825 3528 976 3612 nequiter
1010 3525 1148 3591 abstulit
1181 3527 1210 3589 ei
1248 3526 1359 3589 fenum
1388 3525 1433 3589 ad

333 3641 517 3705 valenciam
546 3650 601 3718 40¹
632 3650 665 3704 et
694 3640 758 3704 hoc
788 3639 892 3703 voluit
922 3639 1062 3722 probare
1098 3657 1157 3720 per
1186 3655 1304 3720 corpus
1336 3657 1433 3699 suum

334 3755 418 3817 sicut
439 3773 553 3818 versus
576 3751 669 3815 illurn
692 3753 748 3834 qui
768 3771 804 3814 se
826 3749 992 3833 perjurare
1013 3749 1116 3813 voluit
1137 3769 1197 3831 pro
1216 3746 1344 3812 catallis
1367 3748 1434 3811 suis

334 3867 364 3929 ei
387 3864 583 3930 auferendis.
627 3863 907 3928 ⁶Consideratum
936 3871 986 3927 est
1019 3862 1111 3945 quod
1139 3861 1266 3925 nullum
1296 3870 1346 3924 est
1376 3879 1434 3941 ap-

467 4089 505 4119 ¹·¹
522 4091 577 4140 Not
587 4091 612 4139 in
624 4091 655 4140 Α.

466 4171 479 4200 ²
495 4173 525 4222 In
539 4185 569 4222 ao
580 4172 630 4221 and
640 4185 668 4221 21
679 4187 695 4222 a
705 4171 753 4222 few
760 4171 843 4222 words
854 4176 910 4220 tom
921 4170 1017 4220 fromA
1025 4185 1066 4221 are
1077 4169 1191 4234 supplied
1199 4169 1233 4232 by
1240 4167 1269 4217 Β.

466 4255 477 4283 ³
485 4247 545 4318 fie'r]
558 4253 664 4318 perhaps
667 4255 806 4318 juratores.

467 4334 506 4363 ⁴⁴
522 4335 584 4383 This
595 4335 652 4399 plea
663 4335 684 4384 is
696 4335 828 4400 postscript
841 4334 864 4383 in
876 4335 939 4384 both
952 4335 975 4382 Α
987 4333 1036 4383 and
1050 4333 1078 4381 Β.
1258 4324 1337 4394 'Jr'r'a

464 4417 475 4446 ¹
492 4416 639 4482 Postscript.
