3234 5072
311 388 350 450 16
670 394 828 450 PLACIT
826 395 853 448 Α
881 394 1048 450 CORONE

352 565 402 623 69.
424 557 579 623 Andreas
612 558 643 622 le
680 559 783 622 Ferur
818 559 1004 624 verberavit
1030 558 1232 624 Wimarcam
1266 581 1405 626 uxorem

307 669 465 735 Willelmi
482 671 512 734 le
529 669 650 735 Sauter
672 679 891 753 pregnantem
914 680 948 736 et
964 670 1151 735 Willelmus
1173 673 1223 736 vir
1244 693 1322 736 suus
1345 673 1406 735 im·

308 784 419 866 posuit
442 785 471 846 ei
490 784 580 866 quod
604 804 685 868 puer
707 785 741 847 in
763 795 878 848 ventre
901 793 1051 848 mortuus
1074 784 1136 848 suit
1159 805 1218 867 per
1237 784 1308 863 hoc,
1329 785 1407 867 quia
1477 783 1480 790 ’

306 895 437 977 peperit
452 895 613 960 infantem
629 903 814 973 mortuum3
838 906 873 960 et
888 895 964 960 ideo
978 895 1133 960 Andreas
1151 897 1365 961 custodiatur.

352 1015 401 1072 70.
424 1007 579 1072 Andreas
590 1007 633 1072 de
643 1001 905 1073 Winchecumbe
920 1016 954 1071 et
967 1007 1068 1092 Hugo
1082 1006 1114 1071 le
1130 1008 1234 1072 Ferur
1248 1009 1407 1072 vendide-

307 1130 384 1185 runt
398 1120 511 1185 vinum
527 1128 642 1185 contra
657 1120 793 1185 assisam
810 1129 844 1184 et
863 1121 938 1186 ideo
957 1121 990 1183 in
1006 1120 1238 1186 misericordia.

542 1361 661 1426 Adhuc
683 1361 723 1425 de
743 1361 926 1426 Hundredo
949 1361 988 1429 de
1013 1362 1167 1427 Sloclztre.

354 1507 390 1560 71
406 1495 427 1562 ¹.
452 1499 612 1565 Nicholas
632 1499 753 1564 Parent
773 1499 921 1582 appellat
945 1500 1128 1563 Martinum
1148 1499 1242 1564 Balle
1260 1502 1348 1585 quod
1368 1502 1406 1585 in

308 1633 390 1696 pace
412 1613 538 1678 domini
561 1613 647 1697 regis
670 1612 725 1677 die
740 1612 860 1676 Martis
889 1613 1043 1695 proxima
1070 1623 1148 1678 ante
1174 1613 1406 1679 Pentecostem

308 1727 439 1790 duobus
465 1729 561 1791 annis
585 1725 761 1791 transactis
792 1725 848 1790 ubi
879 1725 940 1789 suit
970 1726 1003 1789 in
1034 1727 1135 1790 domo
1155 1727 1319 1807 Johannis
1349 1727 1407 1791 filii

307 1838 447 1903 Roberti
465 1837 555 1921 apud
578 1837 701 1917 Stowe‚
716 1837 806 1901 venit
827 1857 902 1901 cum
923 1839 956 1900 vi
977 1858 1036 1902 sua
1052 1846 1086 1901 et
1100 1839 1132 1901 vi
1149 1847 1182 1903 et
1201 1841 1351 1921 nequiter
1372 1850 1406 1905 et

306 1950 340 2013 in
356 1949 478 2014 felonia
494 1969 569 2014 eurn
589 1949 771 2028 assultavit,
787 1958 821 2013 et
842 1950 872 2012 ei
892 1949 1023 2014 robavit
1042 1951 1085 2014 de
1106 1950 1248 2014 denariis
1265 1952 1406 2033 predicti

306 2062 468 2144 Johannis
480 2071 543 2124 10m
553 2062 586 2125 in
598 2061 743 2126 denariis
759 2070 793 2124 et
809 2081 939 2143 pannos
955 2062 1069 2125 uxoris
1082 2061 1230 2144 ejusdem
1246 2063 1407 2146 Johannis

304 2173 454 2239 valentes
470 2184 514 2236 2¹¹²
530 2183 564 2238 et
579 2175 622 2238 de
637 2172 767 2237 annulis
783 2182 816 2236 et
831 2173 903 2237 aliis
914 2172 1068 2254 jocalibis
1083 2173 1151 2238 suis
1165 2175 1208 2238 ad
1224 2174 1404 2240 valentiam

307 2283 349 2360 im
365 2296 398 2350 et
413 2287 456 2350 de
471 2306 530 2349 suo
547 2285 679 2369 proprio
694 2293 726 2349 2·
742 2283 801 2347 6‘¹2
819 2295 853 2349 et
868 2284 937 2349 hoc‘
947 2285 1045 2349 offert
1057 2287 1197 2369 probare
1213 2307 1406 2371 percorpus

182 2407 186 2419 '
305 2419 401 2463 suum
416 2400 503 2463 sicut
518 2399 607 2462 curia
622 2397 885 2463 consideraverit.

351 2509 397 2575 Et
420 2510 585 2575 Martinus
607 2511 699 2575 venit
717 2521 751 2576 et
774 2510 925 2575 defendit
946 2532 1064 2594 pacem
1087 2512 1213 2577 domini
1236 2515 1322 2598 regis
1345 2523 1406 2580 etc.

306 2632 340 2688 et
357 2623 513 2688 seloniam
536 2633 569 2688 et
585 2624 748 2688 roberiam
771 2633 804 2689 et
825 2633 934 2687 totum
954 2626 996 2688 de
1016 2625 1120 2688 verbo
1136 2626 1169 2688 in
1184 2626 1321 2690 verbum
1343 2636 1406 2692 etc.

306 2744 358 2800 set
386 2755 500 2799 verum
533 2735 605 2801 vult
638 2733 975 2817 dicere32-quidam
1003 2735 1175 2818 Johannes
1206 2736 1407 2821 Capellanus

306 2850 414 2912 tenuit
437 2849 481 2914 de
502 2849 641 2913 Abbate
667 2851 710 2913 de
734 2847 902 2912 Evesham
928 2849 1100 2931 quoddam
1123 2850 1317 2932 masagium,
1339 2871 1407 2933 quo

306 2961 462 3025 deiuncto
481 2959 580 3042 jussit
600 2960 688 3023 idem
704 2959 825 3023 Abbas
844 2960 953 3042 ipsum
973 2968 1007 3023 et
1028 2961 1110 3023 alios
1128 2962 1308 3026 servientes
1328 2983 1406 3025 suos

306 3074 349 3138 ad
366 3073 565 3156 capiendum
582 3073 764 3154 masagium
781 3057 813 3133 in
831 3091 966 3135 manum
978 3071 1126 3135 Abbatis
1141 3093 1313 3156 quousque
1328 3073 1406 3140 inde

306 3185 402 3248 fieret
417 3183 545 3247 Abbati
561 3183 651 3266 quod
668 3182 738 3245 fieri
754 3182 912 3260 deberet;
936 3191 970 3245 et
992 3182 1024 3246 in
1046 3184 1103 3247 illa
1124 3184 1225 3249 domo
1241 3185 1302 3250 suit
1318 3186 1407 3250 idem

306 3295 477 3378 Johannes
500 3297 652 3358 inventus
676 3303 710 3359 et
733 3295 857 3376 ejectus
878 3315 937 3377 per
958 3294 1113 3359 seisinam
1134 3295 1225 3359 illam
1247 3298 1294 3362 ita
1315 3301 1405 3381 quod

307 3407 478 3491 Johannes
508 3407 677 3489 predictus
708 3406 899 3489 impetravit
925 3406 1026 3471 breve
1054 3407 1099 3472 de
1125 3427 1213 3494 nova
1236 3410 1407 3477 disseisina

306 3541 404 3605 super
418 3541 494 3583 eum
510 3529 545 3584 et
558 3519 651 3584 alios.
1160 3501 1169 3560 ¹⁴·

349 3633 398 3696 Et
413 3632 445 3694 N
449 3631 574 3704 icholas
593 3631 657 3696 hoc
680 3632 835 3716 cognovit
853 3642 904 3696 set
919 3632 1000 3696 dicit
1014 3634 1105 3715 quod
1128 3634 1318 3716 capellanus
1339 3656 1406 3699 non

307 3745 415 3808 tenuit
430 3745 474 3807 de
488 3718 650 3821 Ahbate;
673 3750 725 3807 set
741 3763 853 3807 revera
868 3743 945 3807 tulit
959 3744 1060 3808 breve
1075 3746 1118 3809 de
1133 3766 1219 3812 nova
1236 3748 1408 3811 disseisina

308 3867 341 3921 et
365 3856 436 3949 vult
459 3855 552 3937 sequi
570 3843 674 3920 breve
696 3876 800 3932 suum,
818 3864 852 3920 et
873 3856 954 3920 dicit
977 3858 1066 3938 quod
1088 3857 1279 3940 capellanus
1299 3860 1409 3924 tenuit

307 3969 350 4032 de
365 3969 494 4033 duabus
511 3966 703 4031 mulieribus
719 3968 766 4031 ita
781 3968 870 4050 quod
887 3967 1078 4050 capellanus
1094 3971 1128 4032 in
1142 3969 1211 4033 vita
1231 3991 1291 4034 sua
1314 3972 1408 4036 dedit

308 4080 490 4163 mesagium
507 4078 588 4144 illud
605 4080 755 4163 predicto
769 4078 915 4159 Johanni
932 4098 1006 4143 cum
1023 4082 1168 4163 quadam
1185 4081 1253 4146 filia
1268 4104 1337 4148 sua.

340 4238 348 4268 ¹
365 4239 412 4288 See
422 4245 483 4290 note
494 4246 522 4291 to
534 4239 584 4290 this
595 4255 659 4290 case.

338 4320 348 4351 ¹
365 4321 395 4370 In
407 4323 431 4371 A
443 4320 511 4372 there
522 4337 564 4372 are
574 4322 632 4372 here
643 4330 694 4374 two
712 4338 741 4374 or
751 4321 820 4375 three
832 4323 914 4375 words
925 4322 1071 4386 interlined3
1089 4324 1198 4390 perhaps
1215 4325 1273 4390 they
1288 4341 1330 4378 are
1344 4327 1406 4392 quia

298 4403 329 4468 J.
332 4401 482 4468 firmarius.

339 4485 349 4514 ¹
366 4485 386 4534 B
397 4485 460 4536 adds
471 4492 494 4535 ct
505 4486 567 4536 dicit
577 4488 647 4553 quod.
