3234 5072
306 421 346 487 32
666 418 846 474 sancini
872 421 1037 477 conone

306 582 408 645 domo
423 604 482 648 sua
498 604 573 648 curn
588 584 658 649 viro
673 607 732 651 suo
749 595 783 652 et
797 588 941 671 quedam
958 587 1089 654 Gunula
1105 561 1229 654 famula
1252 611 1311 656 sua
1330 611 1406 656 cum

307 715 357 772 ea,
373 697 421 760 ita
444 700 533 780 quod
555 700 626 781 ipsa
650 721 709 783 per
729 711 923 784 preceptum
947 703 1096 787 ejusdem
1118 703 1252 770 Ricardi
1274 705 1334 770 viri
1356 707 1407 771 sui

308 807 414 872 exivit
438 829 513 872 cum
539 809 665 876 famula
691 833 750 876 sua
774 821 812 877 ut
839 812 900 879 iret
924 816 1105 898 spaciatum
1137 818 1169 880 in
1196 820 1335 900 gardino
1364 821 1408 884 de

307 928 406 984 nocte
420 921 504 985 sicut
515 923 703 989 debuerunt
714 927 843 992 cubare.
885 927 931 991 Et
946 928 1079 993 Amicia
1091 929 1158 994 filia
1174 951 1234 994 sua
1249 932 1407 996 remansit

308 1041 343 1096 et
358 1031 438 1096 lavit
456 1034 559 1114 pedes
574 1035 709 1100 Ricardi
729 1046 762 1100 et
777 1038 909 1102 interim
926 1039 1016 1105 venit
1036 1043 1203 1123 predictus
1218 1042 1407 1107 Willelmus

307 1163 384 1208 cum
399 1146 545 1226 quodam
561 1146 696 1212 homine
712 1161 745 1214 et
761 1150 894 1216 intravit
910 1154 1047 1217 domurn
1063 1164 1097 1218 et
1112 1155 1286 1220 assultavit
1300 1157 1407 1220 virum

308 1276 405 1320 suum
421 1257 467 1321 ita
482 1260 571 1341 quod
585 1260 656 1343 ipsa
671 1263 797 1328 audivit
812 1263 990 1330 clamorem
1006 1278 1040 1332 et
1052 1268 1190 1332 accessit
1205 1269 1248 1331 ad
1261 1267 1407 1333 hostium

308 1379 344 1432 et
358 1371 441 1435 vidit
455 1371 585 1454 gladios
603 1381 772 1439 extractos
788 1376 872 1440 circa
886 1379 993 1442 virum
1013 1400 1131 1460 suum3
1155 1390 1188 1445 et
1204 1402 1248 1444 ex
1263 1401 1330 1464 quo
1345 1380 1407 1463 ipsi

308 1493 527 1566 perceperunt
558 1505 631 1550 eam
663 1489 766 1552 secuti
796 1489 927 1554 fuerunt
957 1512 1031 1555 earn
1062 1501 1097 1557 et
1122 1493 1193 1575 ipsa
1220 1492 1305 1575 sugit
1331 1513 1407 1556 curn

308 1595 434 1660 famula
455 1616 514 1661 sua
530 1597 576 1662 ita
591 1602 680 1681 quod
697 1599 768 1682 ipsa
790 1604 894 1666 evasit
910 1611 944 1667 et
960 1613 1117 1685 ceperunt
1132 1603 1291 1668 famulam
1313 1623 1408 1668 suam

309 1720 343 1774 et
363 1731 436 1773 eam
456 1711 639 1794 ligaverunt
661 1723 694 1776 et
714 1715 785 1795 ipsa
798 1714 901 1795 jacuit
920 1715 1051 1778 interim
1068 1716 1101 1779 in
1117 1717 1263 1799 quadam
1282 1717 1358 1780 haia
1374 1727 1408 1782 et

308 1821 517 1887 abscondidit
532 1845 567 1888 se
589 1845 760 1906 quousque
783 1825 860 1888 inde
881 1837 1092 1906 recesserunt,
1109 1838 1143 1891 et
1156 1828 1286 1910 quesita
1305 1848 1408 1910 quare

309 1954 375 1998 non
395 1934 531 1999 intravit
553 1936 596 1998 ad
617 1935 847 2000 auxiliandum
869 1939 939 2001 viro
962 1959 1030 2015 suo,
1047 1939 1134 2004 dixit
1156 1941 1246 2022 quod
1268 1960 1335 2003 non
1359 1942 1407 2002 in-

310 2056 430 2113 trasset
452 2068 512 2130 pro
533 2057 605 2111 tota
620 2048 747 2130 Anglia
762 2060 796 2113 et
812 2049 892 2115 dicit
906 2052 995 2132 quod
1011 2071 1175 2133 pregnans
1196 2061 1275 2115 tunc
1291 2050 1354 2114 init
1371 2059 1406 2115 et

308 2180 432 2243 grossa,
442 2170 475 2224 et
487 2160 617 2241 quesita
627 2160 654 2224 si
666 2158 745 2224 velit
756 2180 877 2244 ponere
887 2182 923 2225 se
935 2183 1033 2244 super
1043 2163 1207 2227 visnetum
1220 2172 1254 2227 et
1263 2162 1406 2245 juratam

235 2283 240 2290 '
310 2282 421 2336 utrum
447 2270 618 2355 culpabilis
648 2275 690 2338 sit
717 2284 751 2339 et
781 2275 994 2338 consenciens
1016 2275 1059 2338 de
1082 2283 1189 2339 morte
1212 2273 1269 2340 illa
1296 2295 1407 2353 necne,

309 2385 391 2448 dicit
406 2386 531 2468 precise
545 2386 635 2468 quod
651 2406 717 2449 non
733 2387 811 2469 quia
826 2385 910 2450 sorte
928 2386 1038 2469 plures
1053 2389 1130 2451 odio
1146 2408 1221 2452 eam
1236 2387 1392 2451 habeant.

357 2497 403 2562 Et
412 2497 577 2580 juratores
588 2497 702 2562 dicunt
714 2501 804 2582 quod
820 2500 984 2564 discordia
995 2500 1057 2563 fuit
1069 2501 1180 2582 sepius
1192 2500 1361 2564 inteream
1374 2508 1409 2563 et

311 2610 491 2676 Ricardum
499 2610 604 2675 virum
615 2632 711 2674 suum
721 2611 767 2675 ita
776 2612 866 2694 quod
876 2612 947 2694 ipse
957 2632 1031 2676 eam
1041 2612 1408 2695 aliquandoverberavit

312 2724 457 2806 eoquod
474 2724 631 2808 imposuit
647 2723 677 2786 ei
691 2726 782 2806 quod
803 2723 905 2788 stulta
919 2723 981 2790 suit
1000 2725 1042 2788 de
1058 2744 1194 2806 corpore
1210 2745 1269 2788 suo
1286 2733 1319 2787 et
1336 2724 1409 2807 ipsa

310 2836 532 2918 sepiusredire
543 2835 628 2899 solet
637 2837 680 2899 ad
691 2837 827 2899 domurn
835 2835 922 2917 Elye
934 2834 1138 2917 deColewey
1146 2837 1249 2919 patris
1259 2837 1308 2900 sui
1321 2845 1354 2900 et
1365 2836 1408 2899 ad

183 2949 188 2956 ”
310 2948 448 3011 domum
471 2947 610 3011 Roberti
626 2945 751 3010 Waiier
765 2948 821 3030 qui
844 2947 960 3012 habuit
982 2949 1120 3012 amitam
1142 2948 1212 3029 ejus
1236 2946 1408 3012 Matillidis

309 3061 343 3124 in
367 3079 515 3139 uxorem,
531 3062 577 3124 ita
601 3059 691 3142 quod
711 3060 801 3123 idem
821 3059 987 3122 Robertus
1011 3068 1045 3122 et
1063 3057 1250 3122 Willelmus
1271 3057 1409 3139 Wayfer

308 3181 343 3237 et
357 3171 526 3255 Johannes
549 3173 592 3234 de
612 3171 779 3234 Fuestone
799 3157 959 3234 venerunt
979 3169 1090 3251 sepius
1109 3173 1152 3235 ad
1168 3171 1306 3234 domum
1324 3169 1409 3251 ejus·

308 3287 386 3350 dem
411 3283 545 3348 Ricardi
568 3291 602 3347 et
623 3303 696 3347 eam
718 3302 829 3346 secum
850 3282 1064 3346 adduxerunt
1084 3289 1118 3345 et
1138 3282 1254 3344 minati
1277 3280 1409 3348 suerunt

309 3397 418 3461 eidem
442 3395 596 3460 Ricardo.
641 3395 743 3459 Unde
764 3393 850 3458 bene
872 3396 1010 3458 credunt
1031 3393 1121 3476 quod
1144 3394 1206 3476 ipsi
1222 3392 1409 3457 Wilielmus

310 3519 344 3574 et
359 3508 528 3590 Johannes
544 3528 620 3571 eum
635 3507 826 3571 occiderunt
842 3515 875 3569 et
891 3525 951 3589 per
965 3506 1136 3569 consilium
1152 3515 1186 3568 et
1200 3505 1408 3570 voluntatem

308 3623 411 3705 ipsius
428 3619 600 3685 Matillidis
622 3627 657 3683 et
679 3638 738 3702 per
758 3618 828 3700 ejus
851 3618 1071 3701 purchacium.
1116 3618 1163 3682 Et
1183 3619 1298 3684 dicunt
1318 3619 1408 3701 quod

308 3736 358 3800 vir
372 3754 451 3799 suus
467 3751 637 3814 nunquam
649 3730 766 3796 habuit
777 3730 879 3795 talem
891 3728 1030 3797 habuit¹
1044 3730 1249 3795 Willelmum
1262 3732 1408 3796 Russum

310 3850 352 3913 ad
368 3847 471 3911 talem
486 3847 683 3909 servientem
699 3847 782 3910 sicut
797 3846 869 3927 ipsa
884 3845 973 3909 dicit.

357 3960 403 4023 Et
424 3965 632 4022 coronatores
652 3967 686 4021 et
701 3957 878 4022 comitatus
893 3958 1083 4021 recordatur
1098 3957 1188 4038 quod
1204 3956 1277 4039 ipsa
1295 3966 1408 4021 secuta

310 4072 373 4136 fuit
388 4073 431 4135 ad
446 4069 531 4134 duos
549 4069 725 4133 comitatus
746 4077 824 4133 ante
846 4078 985 4133 mortem
1005 4066 1067 4132 viri
1090 4069 1139 4132 sui
1158 4076 1192 4133 et
1212 4068 1255 4133 ad
1271 4067 1408 4132 tercium

311 4183 505 4248 comitatum
528 4189 766 4262 postmortem
786 4178 857 4262 ejus
880 4190 913 4243 et
935 4182 978 4244 ad
1002 4188 1157 4263 quartum
1181 4199 1247 4243 non
1266 4179 1357 4243 venit
1375 4187 1409 4243 et

310 4298 382 4379 ipsa
987 4309 989 4312 ·

352 4410 521 4490 Juratores
550 4407 594 4470 de
627 4403 924 4471 Grumbaldesasse
961 4406 1049 4470 idem
1086 4405 1201 4470 dicunt
1233 4405 1322 4487 quod
1353 4404 1409 4469 alii

768 4542 843 4594 ¹Sic.
