3238 5092
441 417 502 473 oe
525 415 751 473 coMlTATU
770 412 1069 471 oeovcssrms.
1260 415 1302 486 95

203 575 367 641 Ricardus
390 574 540 658 sepultus
560 574 624 640 luit
643 575 714 639 sine
733 573 804 639 visu
826 572 998 638 servientis
1025 572 1101 637 ideo
1123 570 1237 636 villata
1259 571 1302 635 de
1315 573 1366 624 mia

202 685 443 751 Blithelauwe
435 706 468 749 m
485 686 725 764 misericordia,
749 686 840 750 nulla
856 683 977 751 catalla
991 683 1186 748 habuerunt.

247 805 321 862 399.
345 798 522 861 Inventum
547 797 640 861 suit
632 817 665 860 m
688 797 803 862 rotulis
829 805 1062 862 coronatorum
1084 795 1175 878 quod
1200 792 1303 877 Hugo
1316 810 1376 910 κιρ

201 908 339 974 clericus
357 910 479 974 occidit
495 909 678 973 Radullum
693 908 827 974 Aichan
847 918 882 974 et
895 909 1061 992 juratores
1081 907 1196 972 dicunt
1212 861 1352 988 quodNl

202 1021 266 1086 hoc
291 1017 367 1107 [non
382 1015 508 1107 suit]s
506 1030 618 1087 actum
643 1021 676 1084 in
699 1019 872 1084 hundredo
895 1040 955 1084 suo
978 1021 1082 1085 immo
1103 1021 1136 1084 in
1157 1017 1238 1083 villa
1260 1019 1304 1082 de

202 1131 412 1196 Niweham1.

169 1235 170 1238 '
248 1251 322 1307 400.
346 1244 515 1308 Robertus
537 1245 675 1329 Longus
701 1245 745 1311 de
766 1246 943 1328 Langcant
973 1244 1094 1310 occidit
1118 1243 1303 1308 Henricum

203 1355 359 1421 clericum
381 1365 416 1420 et
434 1356 528 1439 sugit,
544 1377 610 1421 non
631 1358 740 1439 potuit
760 1358 853 1439 capi3
876 1355 998 1421 catalla
1020 1355 1091 1438 ejus
1113 1355 1304 1439 appreciata

203 1470 336 1534 luerunt
352 1471 395 1533 ad
413 1478 466 1534 22⁸
484 1467 520 1546 4⁰¹
537 1467 626 1551 ²que
642 1469 838 1553 Ingelardus
860 1481 939 1537 tunc
954 1470 1139 1534 vicecomes
1157 1467 1303 1533 reddidit
1315 1471 1354 1523 lib
1366 1472 1432 1524 com
1488 1449 1493 1460 ’

203 1580 346 1663 Johanni
362 1580 461 1662 Lupo
477 1581 659 1646 senescallo
675 1583 805 1646 comitis
820 1581 979 1646 Willelmi
996 1581 1208 1647 Mariscallit

249 1700 320 1756 401.
346 1690 474 1774 Hugo³
491 1690 604 1756 Chark
626 1693 775 1776 appellat
790 1692 977 1758 Walterum
997 1694 1099 1772 Bane,
1115 1692 1305 1758 Gilbertum

206 1803 372 1882 Hathewi,
400 1805 571 1886 Paganum
596 1803 701 1867 filium
726 1807 914 1885 sacerdotis,
940 1808 1030 1888 quod
1061 1805 1211 1888 nequiter
1241 1813 1304 1869 etc.

203 1914 461 1981 verberaverunt
481 1935 556 1978 eum
581 1925 615 1980 et
635 1914 802 1998 fregerunt
825 1917 944 1982 dentes
965 1937 1051 1995 suos,
1067 1925 1101 1981 et
1123 1916 1186 1981 hoc
1207 1917 1306 1981 offert

203 2037 241 2092 ut
256 2027 359 2092 homo
375 2027 608 2092 mahemiatus.
654 2027 715 2092 Set
730 2029 808 2111 quia
827 2029 883 2093 alii
902 2049 967 2092 non
986 2027 1117 2092 luerunt
1132 2028 1305 2092 attachiati

203 2139 303 2202 datus
319 2149 369 2205 est
390 2139 420 2203 ei
441 2139 513 2202 dies
529 2139 571 2203 ad
593 2141 800 2221 sequendum
821 2140 992 2223 appellum
1009 2161 1104 2204 suum
1120 2160 1233 2203 versus
1250 2159 1307 2203 eos

84 2255 92 2270 ⁶
203 2249 258 2314 die
272 2249 391 2332 Jovis⁴
413 2251 567 2334 proxima
590 2260 666 2333 post
684 2251 807 2316 festum
829 2249 863 2317 S.
882 2253 1071 2334 Margarete
1089 2252 1178 2334 apud
1201 2251 1307 2314 Here-

204 2360 347 2426 fordiam
356 2363 379 2426 ⁶.
1318 2359 1417 2422 H‘rford

660 2605 777 2669 [memb.
794 2605 850 2671 ra]

501 2745 723 2812 Hundredum
747 2748 788 2813 de
809 2748 1000 2813 Dudestein.

251 2891 323 2949 402.
347 2883 579 2950 Malesactores
593 2895 755 2950 venerunt
777 2886 820 2951 de
843 2895 940 2950 nocte
960 2884 1003 2950 ad
1024 2885 1161 2949 domum
1181 2885 1307 2951 Edithe

204 2997 304 3061 vidue
319 3005 353 3060 et
368 2995 560 3060 occiderunt
583 2996 690 3079 ipsam
707 2997 868 3060 Editham
884 3005 919 3061 et
938 2996 1128 3078 Johannem
1150 2997 1306 3062 Parmen-

206 3108 338 3183 tarium,
354 3106 525 3189 Rogerum
546 3106 651 3171 filium
675 3107 808 3186 Edithe,
830 3107 1019 3189 Johannem
1043 3107 1146 3172 filium
1168 3108 1254 3173 Sewi
1274 3118 1308 3173 et

206 3220 289 3282 duas
303 3217 446 3283 feminas
461 3229 495 3282 et
512 3220 656 3284 nescitur
678 3219 735 3300 qui
755 3219 887 3285 suerunt
902 3219 949 3282 illi
966 3218 1205 3284 malefactores.
1251 3222 1307 3285 In-

204 3338 360 3394 ventores
383 3339 545 3394 venerunt
572 3338 606 3394 et
633 3350 700 3393 non
724 3330 990 3396 malecreduntur
1019 3332 1104 3395 ideo'
1118 3333 1243 3415 quieti;
1274 3342 1308 3397 et

207 3441 402 3524 Ingelardus
423 3451 502 3507 tunc
517 3440 702 3506 vicecomes
723 3441 811 3525 cepit
831 3443 1084 3525 propinquiores
1099 3444 1224 3508 vicinos
1247 3445 1309 3509 sci-

239 3664 247 3694 ¹
264 3673 288 3715 et
298 3666 350 3716 ideo
361 3666 419 3715 inde
429 3665 580 3730 loquendum
593 3665 614 3714 B
626 3666 697 3717 adds.

238 3746 279 3777 Η
287 3747 419 3814 Johannes
432 3749 454 3798 Ie
465 3749 540 3797 Loow
556 3753 617 3796 tunc
627 3747 737 3797 ballrhus
753 3763 812 3798 com.
831 3747 974 3797 marescalli
990 3747 1037 3798 illa
1053 3748 1145 3798 catalla
1163 3749 1250 3814 recepit
1261 3756 1310 3814 per

207 3829 379 3880 Iibemcionem
391 3829 535 3894 Engelarde'
545 3829 574 3880 de
588 3829 687 3893 Cygvny
699 3829 726 3880 B.

238 3913 248 3942 ⁸
265 3912 377 3976 Regem
389 3912 418 3961 B.
1102 3911 1112 3942 ⁴
1131 3913 1203 3962 Lerne
1215 3913 1244 3963 B.

239 3994 249 4024 ⁶
267 3993 308 4043 On
319 3993 370 4043 this
382 3993 407 4043 in
419 3993 440 4042 B
451 3992 521 4043 there
532 3999 559 4043 et
571 4008 633 4044 once
644 3993 732 4044 follow
744 3992 786 4043 the
799 3993 915 4044 Dudston
927 3994 1034 4054 entries3
1051 3994 1096 4044 but
1107 3994 1191 4044 belore
1203 3995 1273 4044 these
1285 3994 1311 4044 in

206 4078 239 4137 A,
251 4081 278 4125 al
291 4075 334 4126 the
346 4075 394 4124 end
405 4075 435 4124 ol
443 4075 535 4126 memb.
546 4085 575 4139 17
588 4075 662 4133 dors..
671 4074 754 4125 which
765 4075 787 4126 is
799 4076 873 4126 much
883 4075 1015 4140 dameged
1029 4077 1099 4128 there
1109 4075 1156 4127 hes
1167 4077 1231 4127 been
1240 4077 1313 4128 other

206 4162 304 4217 matter,
317 4156 415 4222 though
427 4157 535 4222 perhaps
546 4157 591 4207 but
603 4172 651 4207 one
661 4166 740 4220 entry.
775 4157 854 4208 What
864 4173 922 4208 now
933 4159 954 4208 is
965 4157 1058 4223 legihle
1069 4157 1090 4208 is

306 4237 433 4288 Witestan

206 4307 268 4370 dffi.
280 4335 314 4370 m.
350 4319 434 4370 Adam
446 4319 470 4370 le
482 4319 585 4371 Clodier
600 4327 688 4386 eaptus
699 4337 743 4387 per
753 4322 959 4375 indictamemum
968 4323 1108 4388 juratorum
1119 4324 1161 4374 det
1174 4323 1226 4374 dim
1238 4361 1245 4376 .
1258 4361 1264 4376 .
1278 4363 1284 4376 .

337 4417 382 4467 per
393 4401 505 4467 plegium
517 4402 641 4453 Willelmi
652 4403 683 4454 de
695 4403 797 4456 Estone.

208 4485 253 4534 See
266 4482 356 4544 below,
370 4493 419 4548 447
430 4491 498 4534 note.
