3238 5092
448 401 508 457 DE
530 401 664 457 COMIT
663 403 724 456 AT
727 403 757 456 U
774 400 1070 456 GLOUCESTRIE.
1268 408 1308 474 79

254 573 327 628 ³30.
341 560 422 654 [B]¹
447 565 610 631 Henricus
632 567 777 631 serviens
799 565 975 630 Petronille
993 566 1036 629 de
1060 563 1237 646 Stanweye
1257 565 1307 628 in·

207 687 325 742 ventus
341 678 402 742 fuit
418 679 451 742 in
469 677 609 742 Sabrina
629 679 756 742 occisus
771 680 917 761 quodam
938 676 1071 760 cnipulo
1086 684 1121 740 et
1136 676 1306 758 Johannes

208 789 470 853 Molendinarius
500 799 617 872 captus
646 789 708 852 suit
738 810 778 854 eo
808 791 898 871 quod
935 787 1007 870 ipse
1043 790 1178 870 quando
1216 788 1305 853 idem

210 900 374 964 Henricus
396 900 514 964 ultimo
528 901 617 964 visus
638 900 710 976 fuit,
726 900 788 964 fuit
810 920 886 964 cum
909 900 982 982 ipso
999 898 1147 963 Henrico
1165 901 1209 964 ad
1228 900 1305 963 bur·

207 1013 440 1076 ricasdomine
459 1033 519 1075 sue
538 1012 659 1094 etipse
676 1012 774 1076 rediit
791 1020 825 1075 et
845 1013 932 1076 idem
951 1009 1116 1075 Henricus
1137 1032 1213 1076 non.
1259 1011 1306 1076 Et
1394 999 1396 1006 ¹

206 1124 374 1205 predictus
397 1123 566 1205 Johannes
588 1123 679 1187 venit
708 1132 742 1187 et
773 1120 923 1187 defendit
953 1130 1061 1186 totum
1092 1130 1126 1185 et
1155 1131 1307 1205 preterea

207 1236 401 1298 societatem
428 1235 576 1317 ejusdem
604 1233 738 1298 Henrici
762 1241 796 1298 et
819 1234 909 1316 quod
934 1253 1103 1315 nunquam
1128 1254 1204 1297 eum
1227 1254 1306 1317 cog-

207 1347 299 1410 novit
329 1356 380 1411 set
404 1368 470 1410 non
496 1345 567 1410 vult
594 1365 716 1428 ponere
742 1365 777 1409 se
803 1364 902 1426 super
929 1343 1100 1425 juratam²
1130 1353 1182 1408 set
1208 1344 1306 1410 offert

207 1458 384 1522 defendere
409 1479 444 1522 se
470 1478 530 1541 per
555 1477 673 1539 corpus
696 1477 793 1520 suum
819 1459 847 1520 si
874 1458 947 1538 quis
973 1477 1087 1521 versus
1114 1477 1190 1520 eum
1215 1457 1306 1540 loqui

206 1569 357 1634 voluerit.
402 1570 448 1632 Et
468 1586 506 1632 12
522 1567 685 1650 juratores
700 1568 815 1632 dicunt
830 1589 928 1651 super
948 1577 1191 1632 sacramentum
1209 1589 1305 1632 suum

207 1683 297 1764 quod
324 1681 402 1763 quia
428 1680 499 1763 ipse
522 1679 671 1744 defendit
700 1679 894 1743 societatem
924 1679 1074 1761 ejusdem
1106 1679 1241 1745 Henrici
1272 1689 1307 1744 et

207 1794 297 1875 quod
321 1812 386 1854 non
410 1791 564 1874 cognovit
585 1811 661 1855 eum
682 1801 716 1854 et
736 1788 799 1855 hoc
820 1793 928 1856 sciunt
947 1811 1019 1856 esse
1034 1791 1165 1866 salsum,
1182 1801 1217 1860 et
1231 1812 1307 1876 pre·

205 1913 298 1968 terea
319 1903 408 1967 idem
430 1901 596 1965 Henricus
618 1901 722 1966 exivit
743 1921 819 1965 cum
840 1922 880 1965 eo
902 1909 936 1966 et
955 1922 1021 1965 non
1039 1902 1135 1966 rediit
1151 1902 1211 1967 ³et
1225 1902 1305 1985 quia

206 2018 278 2098 ipse
302 2035 367 2078 non
390 2015 484 2077 audit
507 2011 584 2075 inde
606 2033 729 2094 ponere
749 2032 785 2075 se
807 2033 906 2094 super
922 2012 1068 2094 juratam
1079 2013 1101 2091 ³,
1117 2013 1306 2096 intelligunt

207 2126 316 2208 ipsum
332 2146 404 2189 esse
419 2123 628 2206 culpabilem.
675 2123 769 2187 Idem
785 2125 900 2188 dicunt
914 2124 1028 2189 villate
1039 2126 1081 2188 de
1092 2124 1255 2189 Newham
1272 2135 1306 2190 et

206 2240 249 2302 de
266 2235 503 2300 Menstrewrde
519 2243 553 2298 et
567 2237 610 2300 de
623 2234 790 2299 Elnitone.
829 2236 909 2300 Post
923 2236 1014 2300 venit
1030 2238 1179 2319 predicta
1192 2238 1306 2302 Petro·

207 2346 307 2412 nilla⁴
316 2357 350 2411 et
362 2347 459 2411 offert
471 2347 607 2410 domino
618 2346 704 2429 Regi
715 2355 770 2425 4ο·
782 2366 842 2428 pro
858 2347 905 2411 sic
916 2348 1007 2430 quod
1019 2346 1189 2428 Johannes
1200 2351 1304 2431 possit
1317 2363 1361 2420 40·

206 2461 357 2542 abjurare
391 2479 530 2541 regnum
567 2479 626 2542 per
663 2459 808 2542 plegium
841 2458 1001 2523 Willelmi
1039 2459 1082 2522 de
1118 2459 1305 2539 Abenhale‚

208 2572 343 2636 Ricardi
373 2571 415 2636 de
441 2569 629 2646 Westbiria‚
656 2569 793 2634 Henrici
822 2570 865 2633 de
890 2569 1128 2635 Minsterwrde.
1175 2569 1306 2636 Catalla

207 2683 309 2767 ipsius
331 2681 491 2764 Johannis
512 2691 547 2760 4⁸
570 2681 657 2744 unde
680 2681 864 2745 vicecomes
891 2681 1097 2764 respondeat.
1143 2681 1190 2744 Et
1211 2682 1304 2764 abju-
1317 2697 1344 2755 4'

207 2794 292 2860 ravit
306 2813 444 2877 regnum
460 2801 494 2856 et
510 2791 611 2876 elegit
628 2801 761 2874 portum
777 2793 820 2856 de
836 2791 995 2854 Dobema
1011 2801 1045 2855 et
1060 2790 1163 2856 habet
1178 2791 1267 2858 ⁶dies
1285 2814 1306 2857 a

206 2907 262 2971 die
284 2906 379 2970 Lune
399 2905 555 2988 proxima
576 2914 654 2967 ante
676 2903 798 2968 festum
822 2901 895 2967 See.
913 2903 1103 2986 Margarete
1125 2903 1180 2966 in³
1203 2924 1304 2968 unum
1318 2922 1389 2988 abjur

207 3039 366 3086 mensem.
410 3018 603 3082 ⁶Robertus
630 3016 890 3080 Molendinarius
916 3014 972 3097 qui
997 3015 1080 3098 sugit
1103 3035 1164 3098 pro
1187 3018 1306 3082 eodem

207 3132 296 3196 sacto
311 3150 376 3194 uon
393 3128 632 3208 malecreditur‚
648 3136 683 3192 et
704 3128 763 3190 dat
787 3125 827 3203 pu
848 3136 885 3191 ut
905 3129 1010 3208 possit
1030 3145 1103 3191 esse
1117 3127 1179 3192 sub
1194 3128 1305 3214 plegio
1318 3135 1355 3205 1·

206 3243 315 3308 standi
331 3251 420 3306 recto
436 3260 495 3323 per
510 3240 657 3322 plegium
671 3237 831 3302 Willelmi
846 3239 889 3302 de
906 3238 1031 3302 Heliun
1041 3237 1064 3302 ⁶.

624 3429 740 3490 [nemu.
756 3428 791 3476 16
808 3425 911 3486 soal.

253 3545 324 3600 331.
348 3534 521 3600 Gelewisia
543 3555 629 3599 uxor
650 3533 809 3598 Willelmi
840 3533 898 3597 filii
922 3532 1061 3597 Siwardi
1091 3533 1225 3598 inventa
1243 3531 1306 3597 luit

207 3649 314 3713 occisa
330 3647 363 3709 in
379 3647 480 3710 domo
496 3665 555 3709 sua
570 3646 660 3727 apud
677 3644 911 3722 Westbiriam;
934 3644 983 3706 vir
997 3663 1076 3708 suus
1092 3644 1216 3707 invenit
1231 3663 1306 3708 eam

206 3760 314 3842 primo
340 3758 425 3822 sicut
448 3757 545 3821 rediit
568 3757 611 3821 de
636 3755 783 3838 quodam
807 3753 991 3828 Halimoto,
1013 3753 1072 3818 ⁷et
1097 3754 1160 3818 hoc
1182 3754 1306 3818 sactum

207 3870 268 3934 fuit
286 3870 368 3934 hora
394 3867 583 3946 meridiei⁷3
607 3875 641 3930 et
652 3866 817 3948 juratores
832 3885 898 3929 non
913 3864 1039 3929 habent
1054 3866 1162 3948 ipsum
1179 3863 1307 3928 Willel·

240 4057 248 4086 ¹
266 4057 322 4106 Ήιε
333 4055 405 4106 order
415 4053 445 4104 os
453 4052 496 4104 the
507 4067 576 4102 enses
587 4052 612 4100 in
626 4051 679 4099 Bis
691 4063 747 4114 ³²9.
761 4061 817 4111 ³³1·
830 4062 887 4112 333,
901 4046 957 4111 336Ι
970 4057 1026 4113 333
1040 4061 1096 4112 330,
1110 4047 1165 4111 338,
1178 4062 1234 4112 333.
1248 4063 1306 4113 333.

208 4155 264 4205 334
276 4152 333 4204 339.
367 4137 478 4187 Observe
492 4135 535 4184 the
549 4132 722 4183 concealmeut
737 4131 767 4180 ol
780 4131 865 4181 eleven
882 4131 953 4195 plens
970 4133 1043 4195 (³38)
1052 4147 1059 4192 5
1077 4130 1201 4196 probably
1218 4131 1268 4181 this
1285 4133 1307 4181 is

207 4223 250 4272 the
261 4235 336 4271 oense
348 4218 377 4268 ol
385 4217 428 4267 the
439 4215 569 4266 difference
581 4216 692 4264 between
705 4213 728 4262 A
740 4213 790 4262 aud
802 4213 830 4264 B.

240 4318 250 4348 ¹
258 4311 322 4382 ju'rT
1046 4311 1087 4343 ⁸⁴
1101 4311 1155 4363 Not
1166 4313 1192 4363 in
1203 4316 1236 4366 A.

241 4402 251 4431 ⁸
266 4400 339 4464 cujus
350 4399 420 4448 homo
432 4398 548 4462 ipsesuit
558 4398 591 4448 A.
1049 4393 1091 4426 Η
1107 4394 1160 4445 Not
1173 4395 1198 4445 in
1210 4398 1243 4446 A.

240 4481 282 4512 Η
298 4482 374 4531 From
386 4482 425 4538 Α;
442 4486 487 4530 not
498 4479 524 4528 in
534 4479 562 4528 B.
1046 4473 1087 4504 '·'
1103 4476 1158 4526 Not
1169 4478 1194 4526 ln
1207 4478 1234 4530 B.
