3238 5092
337 371 378 438 70
701 367 880 424 anacim
906 369 1071 425 conone·

335 529 432 593 donis
447 529 489 593 de
509 549 591 612 pace
605 530 731 595 domini
747 532 850 614 Regis
863 542 897 596 et
912 532 1039 616 plagis3
1062 540 1097 597 et
1112 534 1278 598 Robertus
1292 535 1383 599 venit
1399 543 1436 599 et

336 643 475 708 retraxit
492 663 528 708 se
550 652 585 708 et
603 663 670 708 non
690 645 762 709 vult
782 646 893 729 sequi3
917 656 951 710 et
968 646 1044 710 ideo
1064 647 1276 724 custodiatur,
1291 657 1325 711 et
1340 647 1438 711 Elias

337 757 381 821 de
405 755 548 820 Buulla¹
575 757 704 839 plegius
726 759 769 822 de
798 757 1028 840 prosequendo
1054 759 1087 822 in
1110 758 1341 825 misericordia.
1388 761 1437 826 Et

334 867 497 950 juratores
520 889 587 932 non
617 869 843 934 malceredunt
874 870 1060 935 Robertum
1091 869 1195 936 filium
1219 871 1371 936 Widonis
1400 883 1438 936 et

171 983 288 1052 [custod]
338 979 413 1045 ideo
443 981 584 1062 quietus.
629 981 797 1046 Robertus
820 980 970 1045 Bertram
991 981 1091 1046 finem
1121 981 1199 1047 iecit
1225 1003 1284 1066 per
1311 981 1353 1059 ξω
1375 1005 1437 1067 per

169 1065 206 1134 4.

338 1090 485 1174 plegium
505 1088 711 1177 Henricissde
734 1091 914 1158 Berkeleia.

384 1209 457 1266 289.
480 1201 652 1268 Pollardus
677 1202 866 1268 forestarius
894 1205 1047 1268 inventus
1069 1202 1132 1268 suit
1157 1205 1283 1268 occisus
1310 1205 1343 1268 in
1374 1204 1437 1269 Sa-

337 1313 432 1378 brina
446 1324 481 1378 et
501 1313 665 1379 Ernaldus
686 1315 728 1378 de
749 1312 1015 1379 Esselcwurthe²
1030 1324 1064 1381 et
1083 1315 1237 1396 Johanna
1252 1335 1340 1379 uxor
1355 1315 1437 1398 ejus,

339 1425 507 1490 Robertus
530 1423 655 1502 Griffin,
669 1423 840 1489 Aldredus
854 1424 1031 1505 Witsure³,
1051 1435 1086 1490 et
1108 1426 1261 1509 Nigellus
1283 1424 1314 1490 le
1332 1427 1438 1490 Batur

338 1546 374 1602 et
388 1536 555 1600 Walterus
575 1537 618 1601 de
638 1536 669 1599 la
686 1534 817 1599 Grave³
837 1536 935 1600 retati
953 1534 1084 1601 luerunt
1106 1538 1148 1601 de
1170 1547 1277 1602 morte
1299 1536 1378 1617 illa3
1401 1548 1438 1602 et

338 1646 513 1720 Ernaldus.
527 1646 707 1724 Aldredus,
721 1657 755 1710 et
769 1644 936 1711 Waltcrus
958 1649 1077 1712 mortui
1099 1657 1197 1726 sunt3
1222 1657 1256 1712 et
1276 1647 1435 1730 Johanna

339 1767 373 1822 et
399 1757 568 1821 Robertus
594 1768 628 1822 et
654 1757 805 1841 Nigellus
833 1759 969 1822 veniunt
998 1769 1031 1823 et
1056 1757 1240 1823 defendunt
1264 1765 1373 1823 totum
1396 1769 1432 1822 et

338 1876 467 1952 ponunt
488 1888 525 1932 se
546 1889 646 1950 super
666 1870 808 1951 patriam
831 1870 925 1933 etde
946 1869 1036 1933 bono
1058 1869 1153 1934 etde
1174 1868 1272 1933 malo.
1315 1867 1437 1950 ⁴Jura-

339 1990 429 2046 tores
455 1981 569 2045 dicunt
594 2000 693 2062 super
721 1981 965 2045 sacramentum
997 1989 1093 2045 suum
1123 1982 1213 2063 quod
1243 1978 1438 2063 predictus⁵

340 2090 512 2156 Pollardus
534 2101 675 2157 rettatus
697 2092 759 2157 suit
779 2094 823 2157 de
843 2094 991 2175 predicta
1006 2093 1159 2174 Johanna
1174 2113 1279 2157 uxore
1294 2093 1436 2175 predicti

338 2203 484 2269 Amardi
500 2203 548 2267 ita
562 2204 651 2292 quod
667 2224 727 2287 per
743 2204 959 2286 perquisitum
975 2205 1122 2286 ejusdem
1143 2203 1286 2268 Arnaldi
1309 2205 1437 2269 occisus

337 2316 421 2394 iuit3
456 2317 543 2380 unde
568 2316 684 2381 dicunt
708 2335 808 2398 super
833 2326 1075 2380 sacramentum
1100 2336 1196 2380 suum
1225 2317 1313 2398 quod
1344 2317 1435 2380 idem

337 2427 507 2518 Amaldus
529 2437 564 2491 et
586 2426 782 2491 Alexander
804 2426 1032 2492 Hiberniensis
1054 2428 1111 2509 qui
1137 2427 1221 2509 sugit
1243 2447 1303 2509 pro
1325 2436 1433 2491 morte

339 2539 406 2617 illa,
420 2546 497 2603 sunt
512 2537 692 2622 culpabiles
706 2538 750 2601 de
765 2547 873 2603 morte
888 2539 1036 2620 predicta
1052 2536 1086 2602 et
1101 2558 1168 2602 non
1183 2538 1240 2601 alii
1255 2538 1437 2603 attachiati.

339 2651 465 2715 Dicunt
480 2649 585 2714 eciam
600 2650 689 2732 quod
705 2651 812 2731 magis
833 2649 1000 2733 displicuit
1020 2649 1082 2732 ipsi
1096 2649 1251 2731 Johanne
1273 2670 1361 2713 mors
1380 2649 1439 2714 illa

339 2781 441 2843 quam
463 2761 493 2825 ei
516 2762 671 2844 placeret
718 2760 871 2825 Predicta
891 2760 1046 2840 Johanna
1068 2761 1289 2838 custodiatur3
1317 2770 1352 2824 et
1368 2760 1438 2825 Ro-

338 2872 452 2937 bertus
467 2882 502 2936 et
517 2873 669 2955 Nigellus
685 2880 762 2936 eant
784 2873 863 2936 inde
884 2872 1007 2954 quieti3
1029 2871 1225 2936 Alexander
1241 2893 1307 2936 non
1322 2872 1439 2936 habuit

305 3061 308 3070 ,
340 2981 461 3047 catalla
485 2992 519 3046 et
542 2982 604 3046 luit
625 2984 782 3048 itinerans
800 2993 834 3048 et
852 2985 930 3065 quia
948 2983 1180 3049 malcereditur
1197 2984 1240 3047 de
1257 2993 1363 3048 morte
1382 2983 1439 3046 illa

340 3094 417 3161 ideo
443 3092 606 3175 exigatur.
651 3092 828 3175 ⁶Johanna
852 3094 953 3158 finem
976 3093 1054 3158 fecit
1075 3115 1135 3177 per
1152 3104 1193 3156 ιΙΙΙ
1212 3113 1272 3176 per
1292 3095 1439 3176 plegium

342 3204 480 3270 Ernaldi
495 3204 538 3269 de
551 3203 794 3271 Esselcwurthe
809 3216 844 3271 et
856 3204 1008 3270 Nieholai
1020 3207 1062 3270 de
1075 3204 1241 3270 Cudibroc
1251 3206 1273 3269 ⁶.
1309 3203 1441 3270 Catalla

340 3317 479 3400 predicti
506 3316 645 3382 Ernaldi
668 3318 800 3383 suerunt
819 3319 841 3382 6
863 3320 973 3397 boves,
997 3335 1015 3380 2
1039 3338 1146 3393 vacce,
1166 3336 1180 3379 1
1207 3317 1381 3381 runcinus⁷
1405 3327 1441 3382 et

339 3429 452 3495 fenum
482 3432 527 3495 ad
552 3430 735 3496 valenciam
762 3440 821 3510 1¹³3
855 3431 1017 3496 Ricardus
1042 3433 1085 3496 de
1113 3430 1291 3512 Mucegros
1320 3429 1439 3494 habuit

373 3643 382 3673 ¹
399 3634 490 3695 aaut!
492 3646 526 3706 A,
543 3635 625 3695 Επεὶ]
632 3645 660 3695 Β.

373 3725 384 3756 ²
399 3727 490 3778 Struck
500 3735 546 3779 out
556 3727 581 3776 in
592 3728 624 3783 A
635 3727 684 3776 and
695 3727 756 3777 obiit
766 3727 864 3778 written
875 3727 965 3776 above.

373 3810 384 3842 ³
400 3809 488 3860 Struck
499 3819 544 3860 out
555 3808 618 3860 both
629 3809 654 3857 in
666 3811 690 3858 A
701 3808 751 3857 and
760 3808 789 3864 B,
799 3808 861 3858 obiit
871 3809 968 3857 written
979 3809 1066 3858 above.

374 3891 384 3922 ¹
400 3890 477 3941 What
488 3891 585 3941 follows
596 3891 619 3940 is
629 3890 655 3939 in
665 3890 691 3940 A
702 3888 835 3954 postscript
846 3889 880 3952 by
891 3890 995 3938 another
1006 3887 1081 3938 hand.

374 3973 384 4003 ⁸
400 3973 455 4024 The
466 3980 516 4023 tert
527 3973 552 4022 in
563 3973 588 4022 A
599 3973 620 4023 is
631 3988 660 4022 or
672 3971 717 4021 bas
728 3971 791 4021 bren
797 3971 926 4036 predictus
936 3972 1005 4021 Em.
1011 3971 1141 4035 predictus
1152 3969 1294 4028 Pollardur,
1305 3970 1350 4018 but
1360 3983 1442 4018 secm-

341 4055 411 4120 ingly
421 4057 489 4106 Em.
502 4056 524 4105 is
533 4055 633 4114 erased;
651 4055 672 4104 B
686 4055 734 4103 has
750 4053 817 4118 quod
831 4053 881 4116 ime
897 4053 1033 4103 Pollardus
1047 4051 1180 4101 aduncavit
1195 4052 1277 4116 aprum
1289 4051 1440 4115 solamur

342 4152 447 4186 uxorem
463 4136 573 4201 predicti
594 4135 710 4186 Emoddi
729 4142 754 4185 et
774 4134 832 4184 inde
857 4141 963 4184 renatus
976 4134 1039 4198 fuit
1059 4141 1083 4183 et
1099 4141 1148 4198 per
1165 4133 1337 4197 perquisitum
1359 4131 1443 4195 ipsius

342 4217 458 4266 Emoddi
465 4217 558 4266 scilicet
563 4225 611 4280 per
621 4217 745 4282 quendam
754 4216 932 4265 Alexandrum
944 4216 973 4266 de
981 4215 1114 4279 Hybemia
1125 4214 1250 4279 quisugit
1256 4220 1340 4276 postea
1350 4212 1443 4262 accim

332 4297 408 4361 suin
423 4303 447 4346 et
463 4313 513 4346 non
530 4298 678 4362 intelligunt
693 4297 760 4361 quod
772 4297 890 4361 Nr'gellur
906 4304 930 4346 et
945 4298 1067 4347 Robertus
1088 4297 1117 4346 in
1133 4297 1219 4360 aliquo
1236 4295 1290 4343 sisu
1308 4293 1444 4359 crdpabr'les

341 4377 407 4428 inde.
441 4377 541 4427 Diem
550 4379 626 4427 etr'am
638 4378 705 4443 quod
713 4380 793 4442 magis
804 4411 909 4430 ......

373 4457 414 4489 Η
430 4459 485 4508 Not
496 4459 521 4509 in
533 4459 561 4509 B.
1152 4459 1162 4490 ἵ
1179 4455 1271 4524 Equus
1282 4459 1309 4509 B.
