3238 5092
323 393 366 474 56
684 401 865 457 prncrrn
892 400 1060 457 conotus

325 571 360 628 et
378 562 423 626 illi
440 564 495 646 qui
511 563 642 628 fuerunt
660 564 750 628 intus
770 583 845 628 cum
867 582 907 626 eo
923 566 1108 637 evaserunt,
1124 566 1175 625 set
1191 562 1311 626 mortui
1326 568 1423 636 sunt;

325 676 471 757 precium
493 675 607 739 batelli
626 673 680 738 12d
695 675 783 739 unde
798 673 966 738 Walterus
988 673 1175 757 prepositus
1194 675 1237 738 de
1252 673 1424 737 Theokes·

324 786 410 849 biria
427 787 528 849 debet
543 785 753 868 respondere.

371 904 443 961 23³.
467 897 628 961 Ricardus
643 895 729 960 filius
745 895 921 960 Piscatoris
935 894 1054 960 cecidit
1074 895 1118 960 de
1128 896 1279 978 'quodam
1300 893 1425 959 batello

327 1007 361 1071 in
376 1025 506 1090 aquam,
522 1015 556 1070 et
575 1007 767 1071 submersus
790 1007 860 1081 fuit,
878 1017 911 1072 et
926 1007 1097 1072 Walterus'
1110 1007 1207 1071 Pride
1227 1007 1428 1089 respondeat

328 1119 371 1184 de
385 1139 447 1182 sex
462 1118 573 1182 denar.
589 1118 699 1200 precio
715 1117 827 1182 batelii
843 1118 955 1199 ipsius.

331 1245 335 1254 ·
374 1236 446 1295 234.
467 1231 634 1295 Robertus
657 1230 699 1294 de
715 1229 898 1313 Bergeueni
921 1229 1042 1294 occidit
1058 1228 1244 1294 Walterum
1263 1228 1297 1292 la
1311 1227 1429 1293 Weice

329 1342 499 1406 hominem
514 1341 632 1422 Jacobi
648 1343 691 1405 de
705 1341 879 1415 Vabadun‚
896 1350 930 1404 et
948 1340 1088 1425 fugitet
1104 1341 1212 1404 nullus
1228 1339 1311 1404 alins
1327 1339 1428 1403 maie·

330 1453 472 1518 creditur
486 1454 529 1516 de
545 1463 651 1516 morte
666 1452 730 1530 illa,
746 1462 779 1516 et
796 1453 870 1517 ideo
885 1455 1054 1535 exigatur3
1075 1473 1140 1516 non
1155 1451 1271 1515 habuit
1289 1450 1429 1526 catalla3

329 1565 391 1629 suit
412 1565 454 1628 de
476 1563 624 1645 hospicio
649 1563 788 1628 Comitis
808 1563 1012 1628 Gloucestrie
1035 1574 1068 1628 et
1091 1584 1156 1627 non
1179 1562 1241 1626 suit
1261 1564 1295 1626 in
1317 1561 1430 1643 aliquo

330 1675 443 1739 franco
458 1674 568 1757 plegio
583 1683 617 1738 et
633 1675 709 1738 ideo
724 1674 766 1737 ad
779 1675 939 1756 judicium
955 1677 997 1739 de
1013 1674 1155 1739 Comite.
1193 1671 1431 1757 Englescheria

331 1786 471 1850 Walteri
495 1805 560 1849 non
583 1785 645 1850 suit
674 1796 865 1868 presentata
888 1789 964 1852 ideo
987 1834 1122 1850 .....
1132 1785 1144 1824 ¹
1190 1787 1236 1849 Et
1258 1785 1431 1850 sciendum

332 1898 422 1981 quod
446 1895 567 1960 Comes
588 1917 722 1978 presens
744 1896 806 1961 suit
832 1906 866 1962 et
888 1897 974 1961 dixit
998 1897 1086 1980 quod
1110 1917 1170 1979 pro
1192 1896 1303 1979 aliqua
1325 1905 1432 1959 morte

333 2008 444 2072 taliter
457 2010 668 2089 contingente
684 2007 726 2070 de
742 2006 890 2089 hospicio
906 2029 966 2071 suo
982 2008 1108 2072 nullum
1125 2009 1186 2072 erit
1203 2009 1382 2084 murdrum,
1397 2014 1431 2069 et

164 2104 315 2171 iodefflfo
334 2120 410 2183 ideo
426 2118 637 2201 loquendum.

379 2237 453 2292 235.
478 2226 655 2292 Gausridus
677 2228 814 2294 Visdelu
846 2231 966 2295 cecidit
994 2229 1037 2294 de
1071 2231 1217 2313 quodam
1246 2228 1374 2294 batello
1398 2229 1433 2291 in

166 2345 234 2402 tra'fis
336 2340 521 2416 Sabrinam,
552 2348 586 2403 et
615 2342 804 2405 submersus
834 2339 905 2416 fuit,
932 2341 1115 2406 vicecomes
1145 2340 1360 2422 respondebit
1390 2341 1434 2403 de

334 2452 445 2535 precio
467 2450 591 2515 batelli.
1298 2431 1300 2437 ¹

382 2569 455 2625 236.
480 2561 669 2644 Stephanus
707 2562 749 2625 de
787 2560 975 2627 Swendone
1012 2564 1133 2628 occidit
1169 2561 1354 2644 Jordanum
1391 2561 1436 2625 de

338 2675 537 2750 Uchintone,
563 2682 596 2738 et
625 2673 730 2754 sugit3
761 2683 795 2737 et
824 2683 984 2737 testatum
1014 2685 1065 2738 est
1094 2674 1183 2757 quod
1219 2674 1290 2756 ipse
1319 2681 1437 2755 postea

338 2797 455 2870 captus
469 2786 530 2850 suit
546 2784 634 2868 apud
651 2783 825 2849 Straford²
840 2783 873 2847 in
889 2804 974 2849 com.
989 2782 1096 2848 Warr.
1113 2794 1147 2848 et
1163 2784 1362 2866 replegiatus
1376 2803 1437 2866 per

169 2897 303 2971 5321in
339 2897 541 2981 prepositum
566 2895 714 2978 ejusdem
738 2894 816 2958 ville
845 2904 880 2959 et
910 2896 985 2959 ideo
1015 2895 1218 2977 loquendum
1246 2895 1322 2959 inde
1348 2894 1437 2977 apud

338 3008 583 3073 Warrwickam.
629 3007 674 3070 Et
697 3006 861 3088 juratores
887 3014 1052 3070 testantur
1072 3026 1172 3088 super
1194 3013 1438 3069 sacramentum

339 3140 435 3184 suum
453 3119 542 3200 quod
559 3119 630 3199 ipse
645 3117 738 3179 illum
755 3116 874 3180 occidit
890 3125 924 3182 et
942 3115 1069 3180 nullum
1085 3117 1187 3180 alium
1203 3116 1439 3180 malecredunt.

387 3237 460 3292 237.
484 3229 651 3292 Robertus
681 3227 725 3290 de
755 3228 926 3291 Merstone
959 3228 1110 3292 inventus
1143 3227 1205 3291 suit
1241 3228 1368 3292 occisus
1405 3225 1440 3288 in

341 3341 468 3422 campis
496 3337 540 3401 de
570 3336 747 3412 Clifforde3
788 3346 822 3401 et
851 3338 995 3401 nescitur
1031 3339 1104 3420 quis
1140 3358 1216 3414 eum
1247 3338 1369 3402 occidit
1406 3344 1441 3400 et

341 3449 578 3535 Englescheria
599 3455 791 3531 presentata
813 3459 872 3512 est.

387 3572 460 3628 238.
483 3562 631 3646 Quidam
658 3571 836 3625 extraneus
861 3560 928 3625 ³de
948 3560 1097 3643 partibus
1116 3557 1367 3625 transmarinis³
1386 3579 1442 3623 oe·

344 3677 431 3742 cisus
445 3675 507 3739 fuit
529 3676 572 3739 de
595 3682 693 3737 noctu
710 3673 743 3735 in
761 3674 862 3737 domo
879 3672 1003 3736 Edithe
1023 3673 1066 3736 de
1085 3671 1275 3737 Oxendone
1292 3670 1351 3734 ubi
1371 3671 1443 3752 ipse

344 3787 531 3870 hospitatus
554 3784 623 3862 suit,
643 3795 677 3848 et
699 3783 755 3847 ille
776 3785 833 3865 qui
857 3803 932 3847 eum
956 3783 1077 3847 occidit
1100 3783 1207 3846 socius
1230 3780 1301 3863 ejus
1324 3780 1392 3858 fuit,
1409 3788 1444 3843 et

345 3899 439 3983 sugit,
454 3907 489 3962 et
504 3905 653 3980 preterea
673 3896 740 3959 duo
760 3895 816 3958 alii
835 3896 891 3977 qui
911 3894 1061 3958 similiter
1083 3893 1241 3976 hospitati
1263 3891 1395 3956 fuerunt
1410 3891 1445 3953 in

380 4144 389 4173 ¹
405 4146 430 4193 A
441 4142 519 4193 blank
532 4157 607 4207 space
619 4143 644 4191 in
656 4143 695 4199 A;
714 4142 739 4190 in
751 4141 772 4190 B
778 4147 922 4206 presentata
933 4147 957 4191 et
967 4139 1019 4190 ideo
1030 4139 1088 4190 inde
1100 4138 1259 4204 loqunrdum.

381 4224 391 4254 ²
407 4224 562 4275 siusututeu
578 4223 617 4273 ror
629 4223 829 4273 nanruewurtn
845 4223 871 4272 in
887 4224 927 4280 n;
944 4223 965 4272 Β
981 4221 1027 4272 uas
1042 4222 1113 4286 apuu
1125 4207 1320 4271 mnsuffler
1334 4218 1448 4269 msice

343 4313 428 4375 postea
438 4305 587 4370 captur-fuit
596 4306 668 4369 apud
676 4292 809 4370 Stratso'rd.

382 4389 422 4420 Η
438 4387 576 4438 Interlined
587 4389 611 4436 in
623 4387 695 4438 both.
